2340 3964
0 3636 38 3724 μ’,ζέ

0 3726 25 3738 ,.

0 3735 30 3771 ῗε·

112 3585 123 3605 Ἰ.
145 3558 319 3598 dolentis.

83 3774 86 3779 Ι
149 3725 385 3770 acceperunt,
412 3719 539 3759 hahere
568 3720 756 3781 dicuntur.
821 3718 929 3776 Virg.
962 3729 1028 3761 12.
1053 3715 1144 3763 AEu.

810 166 1043 221 ACTUS
1075 169 1122 222 Ἰ.
1194 156 1430 222 SCENA
1463 166 1507 220 Ι.

136 311 456 368 (Ξευᾶὼειτη,
530 310 612 363 Sc.
650 328 752 362 non
778 310 989 381 injuria:
1027 330 1145 364 nam
1170 312 1225 363 id
1248 310 1460 362 arbitror

139 383 384 453 Adprtme
408 383 460 434 in
479 382 583 434 vita
606 399 710 432 esse
735 383 876 448 utile,
902 384 975 434 Ut
997 403 1059 435 ne
1082 384 1204 455 quid
1227 383 1388 433 nimis.

142 454 216 506 Si.
254 453 341 507 Sic
359 454 460 523 vita
482 463 617 509 erat:
655 454 802 504 facile
827 455 1021 506 omneis
1039 457 1271 524 perferre,
1295 471 1354 504 ac
1378 451 1500 520 pati,

141 525 276 576 Cum
302 525 481 594 quibus
503 534 607 576 erat
633 542 831 594 cunque
855 529 956 577 una
970 545 986 590 3
1022 527 1082 577 iis
1105 541 1210 577 sese
1230 525 1426 588 dedere,
1486 526 1555 573 36

140 595 342 648 Eorum>
361 597 568 664 ‘obsequi
585 596 784 662 -studiiS,
811 598 1041 648 advorsus
1065 595 1274 658 nemini,

141 665 420 736 Nunquam
441 685 736 737 praeponens
760 685 812 719 se
833 668 972 720 aliis:
1010 668 1080 718 ita
1102 666 1343 717 facillime

142 737 268 789 Sine
292 737 482 790 invidia
506 739 728 789 invenias
751 740 974 803 laudem,
995 747 1046 789 et
1069 737 1258 788 amicos
1281 753 1439 808 pares.

145 807 229 860 Sc.
255 809 518 879 Sapienter
538 810 688 861 vitam
710 809 954 861 instituit:
981 826 1201 877 namque
1219 808 1317 858 hoc
1333 815 1559 875 tempore

145 877 447 948 Obsequium
472 883 672 946 amicos,
690 881 875 932 veritas
897 880 1065 930 odium
1083 880 1239 947 parit.
1488 882 1553 930 41

23 1007 25 1010 ,
144 949 220 1003 Si.
257 951 453 1003 Interea
477 953 661 1004 mulier
684 952 913 1020 quaedam
933 950 1120 1002 abhinc
1144 947 1420 1001 triennium

59 1020 65 1024 ’
142 1020 228 1073 Ex
250 1023 427 1074 Andro
449 1022 798 1091 commigravit
821 1022 941 1073 huic
959 1019 1185 1087 viciniae,
1325 1027 1329 1032 ⁴

142 1091 324 1162 Inopia
346 1105 398 1145 et
417 1105 740 1162 cognatorum
769 1093 1078 1161 negligentia

145 1163 350 1231 Coacta,
374 1164 577 1234 egregia
602 1167 779 1228 forma,
802 1176 951 1233 atque
971 1173 1119 1216 aetate
1139 1163 1348 1232 integra.
1489 1164 1559 1212 45

146 1234 228 1287 So'.
269 1235 373 1287 Hei
399 1252 583 1297 vereor,
611 1254 673 1285 ne
698 1236 819 1303 quid
843 1235 1038 1287 Andria
1060 1242 1288 1304 apportet
1312 1231 1452 1286 mali.

146 1305 222 1358 Si.
259 1305 487 1358 Primum
514 1306 624 1357 haec
645 1305 827 1374 pudice
846 1306 1018 1371 vitam,
1048 1309 1214 1374 parce,
1233 1325 1292 1357 ac
1317 1303 1507 1355 duriter

143 1377 360 1445 Agebat,
380 1378 496 1428 lana
518 1395 578 1428 ac
602 1381 704 1428 tela
728 1378 917 1429 victum
941 1378 1239 1447 quaeritans:

145 1446 247 1499 Sed
270 1458 536 1517 postquam
561 1467 732 1500 amans
757 1449 980 1513 accessit,
1004 1450 1222 1518 pretium
1249 1447 1510 1516 pollicenS,

145 1518 310 1582 Unus,
334 1528 385 1571 et
409 1519 532 1572 item
559 1521 684 1570 alter
692 1539 710 1584 3
746 1519 816 1571 ita
840 1530 895 1571 ut
913 1520 1178 1588 Ingenium
1201 1533 1274 1570 est
1297 1518 1528 1570 omnium

147 1589 438 1642 Hominum
463 1593 494 1640 a
518 1592 686 1641 labore
710 1591 931 1659 proclive
952 1591 1015 1642 ad
1038 1591 1350 1653 lubidinem3
1496 1595 1560 1641 51

144 1662 364 1731 Accepit
387 1661 750 1726 conditionem,
775 1663 893 1713 dein
918 1674 1167 1730 quaestum
1193 1662 1398 1730 occipit.

145 1731 254 1787 Qui
275 1742 385 1784 tum
411 1732 550 1783 illam
577 1734 831 1798 amabant,
855 1735 998 1796 forte,
1025 1734 1094 1784 ita
1117 1743 1173 1784 ut
1195 1733 1269 1797 fit,
1292 1733 1454 1785 filium

143 1800 427 1856 Perduxere
452 1802 575 1855 illuc
594 1821 785 1868 secum,
807 1814 867 1856 ut
888 1806 992 1856 una
1011 1814 1153 1868 esset,
1177 1821 1369 1855 meum.

144 1873 373 1942 Egomet
392 1874 636 1942 continuo
659 1892 864 1926 mecum
883 1896 895 1926 ι
936 1876 1086 1926 Certe
1102 1885 1276 1945 captus
1295 1884 1397 1930 est:

146 1945 337 1998 Habet.
411 1945 751 1997 Observabam
777 1949 928 1997 mane
953 1947 1155 1998 illorum
1181 1948 1399 1998 servulos

144 2016 435 2081 VenienteS,
460 2026 548 2068 aut
571 2019 838 2069 abeuntes:
877 2017 1172 2085 rogitabant,
1198 2018 1344 2068 Heus
1367 2036 1510 2087 puer,

145 2086 250 2140 Dic
273 2089 432 2152 sonS,
457 2087 567 2158 quis
596 2087 706 2139 heri
731 2088 1025 2158 ,Chrysidem
1051 2089 1263 2140 habuit?
1312 2102 1430 2140 na'm
1456 2092 1566 2140 An-

287 2159 409 2212 driae
1321 2160 1562 2229 [Cliniam

146 2227 232 2282 Illi
256 2229 310 2282 id
326 2231 430 2282 erat
455 2248 659 2289 nomen.
717 2229 800 2283 So,
825 2239 989 2282 teneo,
1047 2230 1122 2282 Si.
1162 2230 1453 2296 Phaedrum,
1479 2243 1565 2282 aut

146 2301 422 2365 Dicebant,
446 2313 533 2352 aut
556 2302 851 2353 Niceratum
872 2322 893 2364 3.
930 2319 1048 2352 nam
1074 2302 1129 2353 hi
1154 2313 1251 2352 tres
1275 2312 1385 2353 tum
1412 2303 1566 2354 simul

146 2373 417 2425 Amabant.
488 2372 622 2438 Eho,
659 2373 779 2443 quid
803 2371 1132 2443 Pamphilus?
1173 2373 1327 2444 quid?
1366 2376 1566 2443 symbo-

287 2445 392 2495 lam
1495 2450 1559 2496 61

1495 1876 1562 1926 55

146 2576 278 2615 sacere.
330 2574 410 2619 Qui
429 2583 521 2614 tunc
540 2576 638 2615 illam
656 2577 840 2623 amabant,
855 2575 949 2614 forte
967 2575 1035 2627 (ita
1049 2584 1091 2614 ut
1112 2575 1169 2627 fit)
1192 2576 1280 2614 illuc
1297 2576 1414 2616 filium
1432 2590 1557 2615 meum
1574 2590 1599 2628 p

146 2630 220 2668 una
234 2643 319 2668 cum
335 2629 409 2668 illis
434 2629 694 2668 convivaretur.

2144 165 2183 233 7

1604 307 1820 347 Gaudebam
1837 306 1910 347 hoc
1927 309 2078 361 ingenio
2092 323 2179 349 eum

1607 374 1698 399 esse.
1752 361 1813 400 So.
1842 361 1933 400 Non
1961 364 2039 399 sine
2073 362 2182 401 causa

1607 414 1817 466 gaudebas:
1848 427 1932 452 nam
1960 416 1998 452 id
2026 415 2182 453 arbitror

1609 469 1648 504 in
1667 468 1795 520 primis
1821 467 1913 505 utile
1938 469 1977 505 in
1995 467 2067 505 vita
2085 481 2181 514 esse,

1609 519 1667 558 Ut
1696 521 1828 570 nequid
1854 534 1945 569 agas
1971 532 2084 573 supra
2104 533 2184 557 mo-

1610 574 1711 611 dum.
1779 573 1836 611 Si.
1881 570 1955 610 Sic‘
1979 574 2058 622 ejus
2092 573 2179 610 vitae

1610 627 1823 663 institutum
1859 634 1934 663 erat
1949 640 1975 663 ε.
2004 624 2183 663 facilitate

1612 687 1650 716 et
1673 680 1851 716 suavitate
1873 692 2035 724 morum,
2053 689 2182 715 omnes

1557 743 1561 746 ·
1610 730 1772 782 perferre
1816 744 1858 768 ac
1898 732 1990 783 pati,
2027 731 2183 782 quibus-

1612 796 1771 834 cumque
1787 783 1863 822 una
1881 784 2182 829 conversabatur3

1612 835 1746 874 horum
1758 837 1936 874 voluntati
1949 850 2028 874 sese
2039 848 2185 874 accom-

1614 889 1777 936 modare,
1790 902 1917 927 eorum
1932 890 2086 940 obsequi
2104 898 2185 926 stu-

1613 941 1699 987 diis,
1761 943 1902 979 nemini
1963 955 2027 993 rep
2055 954 2187 979 anans.
2239 981 2244 988 ¹

1614 993 1819 1045 Nunquam
1860 1007 1900 1031 se
1941 994 2013 1032 illis
2029 956 2185 1190 {raese-

1612 1060 1717 1084 rens:
1748 1061 1831 1098 quae
1858 1048 1952 1085 ratio
1985 1047 2040 1085 fac
2070 1048 2102 1098 is
2128 1055 2186 1085 est

1613 1100 1659 1137 ad
1700 1100 1844 1137 laudem
1889 1113 2037 1151 compar
2085 1100 2186 1146 dam,

1614 1160 1653 1189 et
1670 1153 1805 1190 amicos
1832 1151 1904 1190 sibi
1926 1151 2059 1190 concili
2083 1152 2188 1190 ndos.

1613 1205 1676 1243 So.
1713 1203 1908 1256 Sapienter
1941 1206 2051 1243 vitam
2079 1205 2188 1242 insti·-

1615 1258 1709 1295 tuit:
1750 1271 1922 1308 namque,
1942 1267 2004 1300 ,ut
2037 1267 2186 1308 tempus

1615 1320 1686 1356 est,
1750 1309 1968 1360 Obsequium
2038 1311 2188 1357 amicos,

1614 1365 1747 1400 veritos
1790 1364 1916 1400 odium
1953 1363 2068 1415 parit.
2130 1362 2190 1401 Si.

1615 1414 1762 1454 Interea
1778 1416 1866 1453 dum
1891 1413 2108 1467 Pamphilus
2134 1416 2188 1453 sic

1616 1466 1772 1506 honeste
1805 1468 1964 1515 vivebat,
2004 1478 2078 1506 tres
2122 1467 2188 1505 ab-

1616 1519 1708 1558 hinc
1743 1534 1873 1569 annos,
1903 1520 2056 1559 foemina
2087 1533 2190 1572 quae-
2211 1531 2224 1536 ’·

1619 1575 1701 1612 dam
1733 1587 1779 1611 ex
1812 1574 1940 1612 Andro
1975 1573 2111 1620 insula,
2152 1574 2193 1611 in

1618 1625 1715 1664 hanc
1747 1627 1921 1665 viciniam
1953 1640 1992 1664 se
2019 1626 2193 1673 contulit,

1619 1688 1798 1730 egestate,
1842 1685 1898 1726 {et
1940 1678 2192 1739 'negligentia

1618 1734 1908 1784 propinquorum
1942 1745 2083 1779 coacta,
2113 1733 2192 1769 exi-

1616 1785 1694 1823 mia
1723 1784 1851 1823 formoe
1883 1787 2021 1838 specie,
2053 1793 2091 1822 et
2126 1784 2195 1822 flo-

1615 1839 1714 1876 renti
1745 1847 1866 1876 aetate.
1937 1838 2000 1877 So.
2036 1835 2114 1875 Hei
2140 1839 2192 1875 ti-

1616 1904 1716 1937 meo,
1749 1904 1796 1928 ne
1828 1891 1916 1942 quid
1948 1893 2019 1930 ista
2048 1890 2192 1928 Andria

1617 1952 1789 1996 apportet
1839 1943 1939 1981 mali·
2008 1943 2067 1981 Si.
2111 1942 2192 1980 Pri-

1617 1997 1721 2034 miim
1754 1995 1832 2034 haec
1862 1996 2010 2048 pudIce‚
2037 1995 2192 2047 frugali-

1618 2058 1689 2095 ter,
1727 2057 1764 2086 et
1807 2049 1986 2087 laboriose
2030 2049 2192 2095 vivebat,

1619 2103 1743 2139 nendo
1782 2102 1919 2148 lanam,
1959 2110 1997 2139 et
2033 2102 2192 2139 texendo

1619 2155 1732 2192 telam
1788 2157 1925 2192 victum
1978 2156 2193 2206 quaerimns.

1618 2207 1772 2259 Aliquot
1814 2215 1978 2245 amantes
2030 2219 2194 2245 accesse-

1618 2258 1706 2298 runt
1719 2262 1880 2312 pretium
1897 2260 2095 2297 libidinum
2111 2260 2192 2311 pol·

1618 2313 1793 2359 licentes3
1814 2314 1865 2351 ita
1878 2314 2121 2367 utingenium
2135 2321 2193 2350 est

1620 2367 1787 2404 omnium
1808 2364 2003 2404 hominum
2022 2365 2043 2403 a
2065 2365 2191 2403 labore

1620 2419 1782 2469 proclive
1798 2419 1843 2456 ad
1859 2418 2074 2464 libidinem3
2103 2431 2195 2456 con-

1619 2474 1733 2509 sensit
1756 2471 2102 2522 pollicitationibus,
2129 2471 2195 2516 de-

1618 2524 1704 2562 inde
1717 2526 1831 2575 coepit
1844 2532 2026 2575 quaestum
2039 2535 2192 2575 corpore

1601 2577 1819 2615 erduxerunt
1836 2577 1881 2614 ad
1898 2575 2130 2628 Chrysidem,
2150 2583 2196 2615 ut

748 2629 907 2682 Egomet
925 2631 1050 2667 statim
1069 2631 1164 2680 coepi
1189 2643 1336 2668 mecum
1355 2631 1538 2682 cogitare:
1567 2630 1706 2682 Captus
1731 2640 1785 2667 est
1807 2629 1905 2667 certe
1921 2641 2059 2675 amore,
2081 2627 2198 2668 habet

145 2682 292 2722 vulnus.
345 2680 593 2720 Observabam
619 2679 725 2720 malie
743 2681 887 2719 illorum
910 2675 1070 2719 servulos
1089 2683 1278 2720 v'enientes
1297 2681 1608 2734 adAPamphilum,

1626 2693 1689 2719 aut
1704 2682 1894 2720 abeuntes.
1947 2679 2057 2733 Saepe
2069 2681 2116 2719 ab
2134 2680 2194 2720 hit

146 2735 370 2786 quw-rebam,
390 2727 510 2781 Heus,
535 2747 639 2786 puer,
658 2735 733 2781 dic,
750 2748 896 2785 quaeso;
926 2735 1008 2784 quis
1022 2733 1104 2771 heri
1119 2733 1335 2787 Chrysidem
1353 2734 1513 2773 habuit?
1544 2734 1644 2772 Nam
1663 2733 1743 2772 haec
1759 2734 1901 2773 Andria
1913 2735 1967 2772 sic
1980 2732 2197 2772 nominabti-

144 2796 220 2826 tur.
270 2787 335 2827 So.
362 2785 462 2826 Scio.
515 2787 572 2826 St.
599 2786 900 2839 Respondebam,
925 2784 1138 2833 Phaedrum,
1163 2797 1227 2825 aut
1253 2786 1428 2835 Cliniam,
1447 2797 1510 2825 aut
1537 2787 1773 2834 Niceratum5
1804 2800 1889 2826 nam
1915 2786 1955 2825 hi
1982 2794 2055 2824 tres
2081 2786 2193 2825 simul

145 2903 247 2932 mam

947 3106 1384 3150 ANNOTATIONES.

146 2839 315 2891 amabant
331 2838 563 2893 Chrysidem.
615 2839 724 2880 Eho!
753 2840 933 2886 dicebam,
957 2839 1047 2890 qnid
1071 2838 1285 2892 Pamphilus
1312 2838 1429 2878 fecit?
1459 2838 1565 2904 Quid
1581 2839 1696 2879 fecit?
1731 2837 2032 2892 (respondebant)
2051 2846 2192 2892 partem

197 3231 250 3281 ῦὸ
281 3242 378 3282 Cum
404 3245 532 3295 quihus
562 3252 639 3286 erat
670 3246 837 3298 cunque]
893 3244 1040 3285 Tmcsis
1072 3255 1144 3294 est,
1198 3247 1279 3286 Hoc
1297 3248 1421 3285 hahet.-
1442 3246 1520 3284 hoec
1533 3246 1659 3284 melior
1672 3246 1815 3295 magnis
1827 3245 1915 3283 dala
1927 3243 2075 3284 victima
2087 3243 2193 3284 divis.

146 3297 220 3334 sive
233 3297 350 3347 sectio
367 3309 434 3347 pro
447 3312 529 3336 cum
542 3301 809 3351 quibuscunque
824 3305 913 3338 erat.

201 3355 251 3388 43
281 3349 380 3387 Huic
396 3350 582 3403 viauia}
625 3349 757 3399 Idea,
784 3354 823 3390 in
841 3351 936 3391 hanc
958 3353 1143 3390 viciniam·
1247 3305 1296 3350 ¹57
1329 3298 1458 3348 Heus]

1252 3361 1299 3392 58
1330 3353 1405 3390 Dic
1429 3351 1554 3400 sodes]

1516 3299 1742 3336 Adverbium
1761 3299 1936 3336 vocantis.

1611 3349 1818 3389 Priscianus
1849 3351 1900 3388 ait
1930 3349 2082 3389 verbum
2112 3362 2193 3389 esse

147 3398 306 3441 Datim
324 3413 391 3452 pro
408 3401 655 3453 Accusativoy
665 3414 707 3444 ut
716 3403 866 3444 Nonius
881 3414 919 3442 et
938 3403 1147 3443 Priscianus
1197 3405 1436 3452 defectivum,
1454 3417 1536 3455 pro,
1554 3404 1586 3441 si
1597 3405 1708 3443 audes
1719 3419 1732 3441 .-
1759 3403 1823 3449 sis,
1842 3416 1924 3454 pr0,
1938 3404 1970 3443 si
1984 3404 2052 3442 vis.
2106 3401 2195 3455 Pre-

147 3453 384 3492 annotarunt.
437 3453 728 3511 Donatuslegit,
757 3459 826 3495 huc
843 3459 1000 3496 viciniae.

197 3512 252 3544 46
279 3506 351 3544 Hei
363 3509 512 3559 vereor]
568 3506 663 3558 Hei,
689 3510 897 3561 interjectio
918 3511 1085 3549 timentis
1103 3518 1143 3549 et

201 3615 251 3657 5¹6
280 3611 429 3662 Habea]
486 3611 709 3653 vulneram
734 3621 806 3654 est.
854 3606 1069 3659 Translatio
1095 3614 1142 3654 ab

148 3660 460 3715 Amphitheatr03
508 3667 572 3705 ubi
611 3666 695 3705 cum
740 3665 968 3710 Gladiatores
1010 3668 1142 3707 vulnus
1436 3666 1582 3711 Ιιᾶῑὶῐὶὲ,

1196 3668 1370 3705 vivarum.

662 3779 696 3803 l·

1249 3516 1295 3548 ol
1327 3511 1540 3561 Symbolum
1563 3508 1689 3558 dedda]

1195 3565 1374 3615 symbola,
1391 3564 1414 3600 a
1432 3554 1640 3613 συμςάλλᾶι
1661 3559 1814 3612 cmffero.
1868 3558 1972 3599 Inter
1989 3561 2059 3599 alia
2077 3561 2194 3612 signi-

1194 3616 1315 3662 ficata,
1335 3623 1392 3654 est
1407 3615 1579 3666 pecunia,
1594 3626 1678 3664 quae
1696 3623 1865 3667 erogatur
1883 3615 1904 3651 a
1922 3613 2089 3664 quolibet
2104 3625 2194 3651 cou-

1194 3459 1393 3503 ca'tionem,
1410 3457 1466 3494 vel
1480 3455 1771 3494 exhortationem
1790 3456 1953 3493 denotat,

1747 3507 1899 3546 Dicitur
1916 3509 2137 3560 symbolum,
2156 3515 2195 3546 et

1618 3666 1792 3708 Couecta.
1820 3666 1978 3715 Gallice,
2009 3668 2035 3705 ζ’
2067 3665 2193 3705 Escot.

1194 3720 1369 3774 Anglice,
1383 3717 1491 3760 Snor
1508 3732 1549 3772 or
1564 3718 1683 3759 Cius.
