2314 3944
698 148 702 150 “
769 156 1001 212 ACTUS
1036 158 1132 213 ΙΙΙ.
1204 150 1437 213 SCENA
1474 156 1543 213 ΙΙ.

126 297 374 355 Triduum
399 301 538 367 2hoc;
575 299 697 354 dum
737 300 806 366 id,
846 303 982 372 quod
1020 310 1093 354 est
1129 302 1446 371 promissum,
1484 302 1548 354 ab

269 373 444 426 amicis
468 383 730 441 argentum
757 375 941 426 aufero,
1030 385 1049 394 “

126 441 185 496 Si
216 462 319 496 non
341 455 452 496 tum
477 444 679 509 deder0,
714 462 870 496 unam
900 453 1142 514 praeterea
1165 442 1341 510 horam
1367 461 1432 494 ne
1453 461 1545 512 op-

190 541 194 544 -
263 524 431 583 pertus
455 515 562 567 sies,

120 581 228 639 Do.
265 585 534 638 Obtundis.
604 587 712 640 An.
748 585 884 637 haud
914 586 1125 653 longum
1156 594 1230 636 est
1254 584 1389 654 quod
1422 594 1545 647 orat,

264 655 455 710 Dorio:
492 668 679 722 exoret,
715 657 852 709 sine:
987 718 991 722 ᾗ
1389 710 1391 713 ,
1427 728 1430 730 η
1474 661 1545 705 30

109 724 264 780 Idem
301 728 385 780 hic
415 728 524 793 tibi,
562 729 696 798 quod
723 729 854 780 bene
881 726 1180 796 promeritus
1212 724 1382 790 fueriS‚
1419 742 1543 790 con-

247 799 613 868 duplicaverit.
1394 822 1397 825 ·

125 865 234 923 Do·
271 868 437 922 Verba
480 871 618 922 istaec
657 880 792 924 sunt.
863 871 971 923 An.
1008 868 1395 938 Pamphilamne
1443 867 1540 920 hac

269 943 394 993 urbe
416 942 596 1010 privari
620 943 780 995 sines?

121 1007 260 1065 Tum
303 1022 358 1063 tu
390 1022 632 1082 praeterea
660 1013 872 1091 homncf
902 1011 1127 1065 amorem
1160 1009 1366 1064 distrahi
1403 1018 1564 1080 pote-·

265 1083 359 1135 rin’
448 1084 521 1135 ti?
889 1125 892 1129 .

121 1153 229 1208 Do,
252 1101 446 1225 ‚Neqiig
468 1174 579 1224 ego,
605 1173 768 1226 neque
791 1166 864 1208 tu.
936 1155 1031 1209 Ge.
1071 1152 1126 1207 <12
1165 1153 1258 1205 tibi
1288 1169 1450 1204 omnes
1473 1152 1546 1218 id,

232 1236 235 1239 ’
264 1227 398 1294 quod
411 1230 471 1279 ‘es
494 1227 694 1296 dignus,
732 1226 892 1279 duint.

39 1307 43 1311 '
118 1295 227 1350 Dc.
262 1297 378 1364 Ego
401 1309 452 1348 te
477 1298 779 1367 complureis
801 1299 1062 1351 advorsum
1080 1296 1344 1367 ingenium
1368 1313 1544 1348 meum

236 1412 247 1419 .
264 1385 461 1420 menses
484 1368 579 1420 tuli
1474 1373 1542 1419 35

121 1435 516 1505 Pollicitantem‚
573 1449 624 1492 et
676 1440 751 1493 nil
803 1442 1066 1510 ferentem,
1112 1440 1352 1493 flentem:
1407 1456 1544 1490 nunc

263 1522 436 1562 contra
460 1512 633 1564 omnia
650 1512 764 1565 haec
1191 1514 1193 1516 ’

119 1577 340 1650 Repperi
373 1583 460 1650 qui
494 1583 595 1649 det,
631 1601 796 1654 neque
827 1585 1097 1638 lacrumet:
1138 1583 1201 1636 da
1229 1584 1400 1635 locum
1435 1600 1574 1634 mes

262 1653 482 1705 lioribus.
524 1701 526 1706 .
1182 1690 1193 1700 ·

121 1720 229 1775 An.
267 1723 415 1776 Certe
459 1725 642 1788 hercle,
679 1743 774 1795 ego
819 1725 935 1778 satis
980 1725 1043 1783 si*
1066 1724 1415 1791 commemini,
1450 1724 1546 1777 tibi

262 1795 469 1864 quidem
494 1806 568 1847 est
585 1797 708 1848 olim
729 1797 850 1862 dies,
1288 1852 1291 1853 γ

117 1863 288 1922 Quam
337 1867 400 1918 ad
448 1867 594 1928 dares,
626 1867 763 1932 huic,
818 1867 1109 1938 praestituta.
1183 1866 1289 1919 Ph.
1316 1868 1541 1921 factum.

125 1946 131 1951 '
259 1935 368 1989 Do.
405 1940 531 1989 num
556 1956 650 2007 ego
668 1937 798 1990 istuc
822 1940 987 2008 nego?

114 2006 222 2061 An.
256 2006 444 2061 Jamne
468 2027 526 2060 ea
548 2009 819 2079 praeteriit?
894 2011 996 2064 Do,
1019 2026 1139 2074 non,
1162 2010 1337 2062 verum
1363 2009 1410 2062 ei
1428 2009 1541 2062 haec

259 2080 537 2132 antecessit.
607 2081 713 2133 An.
751 2098 852 2134 non
871 2082 1027 2150 pudet
1469 2088 1541 2133 40

114 2145 397 2203 Vanitatis?
458 2151 565 2204 Do,
603 2152 833 2218 minime,
870 2153 992 2205 dum
1015 2153 1080 2204 ob
1105 2169 1229 2205 rem.
1284 2152 1380 2215 Ge.
1416 2163 1539 2204 ster-

258 2222 546 2291 quilinium.
622 2223 724 2276 Ph.
749 2223 926 2288 Dorio,

116 2290 262 2346 Itane
298 2294 503 2347 tandem
542 2294 706 2347 facere
755 2295 978 2366 oportet?
1051 2293 1156 2346 Do.
1197 2291 1270 2344 sic
1308 2312 1447 2348 sum:
1496 2294 1540 2348 si

258 2365 450 2434 placeo,
486 2377 642 2419 utere.

118 2432 223 2489 An.
259 2435 464 2488 Siccine
497 2437 634 2490 hunc
678 2438 917 2508 decipis?
969 2438 1074 2492 Do,
1122 2437 1228 2490 imo
1266 2437 1539 2504 enimverO,

57 2510 61 2514 ’
257 2506 502 2578 Antipho,
526 2508 612 2561 hic
632 2527 715 2562 me
740 2510 951 2581 decipit:

115 2575 252 2630 Nam
291 2576 379 2630 hic
415 2597 500 2631 me
536 2579 826 2652 hujusmodi
860 2581 1048 2634 sciebat
1082 2598 1217 2635 esse:
1259 2600 1354 2651 ego
1396 2582 1536 2635 hunc

256 2664 366 2700 esse
386 2649 532 2702 aliter
550 2652 754 2719 credidi.
1464 2661 1536 2706 44

111 2717 212 2772 Iste
239 2735 323 2770 me
356 2721 567 2775 fefellit:
605 2740 700 2792 ego
723 2723 804 2775 isti
829 2724 990 2777 nihilo
1022 2743 1133 2777 sum
1168 2725 1326 2790 aliter,
1361 2743 1422 2776 ac
1445 2725 1535 2778 fui.

112 2789 216 2842 Sed
233 2798 288 2841 ut
303 2799 362 2841 ut
384 2790 498 2843 haec
520 2802 652 2858 sunt,
687 2802 856 2847 tamen
873 2795 970 2848 hoc
998 2796 1211 2850 faciam:
1251 2814 1357 2847 cras
1383 2798 1531 2848 mane

28 2919 31 2923 ,
251 2872 514 2930 argentum
537 2864 666 2917 mihi

109 2929 267 2985 Miles
306 2934 425 2986 dare
465 2953 518 2987 se
565 2935 722 2990 dixit:
770 2936 813 2988 si
851 2937 979 2990 mihi
1019 2937 1155 3008 prior
1193 2948 1249 2990 tu
1292 2938 1532 3003 attuleriS,

249 3001 497 3070 Phaedria,

110 3069 237 3125 Mea
262 3073 376 3142 lege
397 3085 539 3144 utar3
573 3086 634 3131 ut
647 3078 822 3148 ‘potior
843 3078 922 3145 sit,
959 3079 1045 3150 qui
1069 3080 1204 3150 prior
1225 3080 1289 3132 ad
1303 3079 1527 3132 dandum

253 3153 344 3197 est.
411 3149 537 3201 vale.

2073 174 2178 223 225

1600 303 1690 343 dum
1707 309 1867 358 pecunia
1881 307 1973 348 mihi
1987 310 2033 350 ab
2051 314 2181 353 amicis

1600 370 1826 399 numeretur.
1867 361 1908 399 Si
1927 372 2006 401 tum
2027 378 2099 402 non
2116 366 2180 403 de-

1599 410 1701 457 dero,
1721 425 1769 450 ne
1784 415 1896 452 unius
1907 417 2058 466 quidem
2079 416 2180 456 horae

1598 465 1756 512 spatium
1769 470 1817 518 op
1845 469 1979 506 eriatur
1990 479 2182 520 praeterea.

1599 514 1673 553 Do.
1681 516 1734 555 Di
1741 531 1809 556 cen
1835 533 1858 558 o
1866 522 1976 559 toties
1985 522 2111 560 eadem
2121 535 2183 559 ce-

1597 569 1745 607 rebrum
1777 574 1919 611 excutis
1946 572 2051 613 mihi.
2106 575 2184 613 An.

1598 617 1792 661 Modicum
1823 635 1967 677 tempus
1995 628 2178 678 postulat:

1599 675 1727 712 exaudi
1740 691 1841 723 eum,
1864 677 1994 717 Dorio.
2007 678 2091 732 Ipse
2109 679 2182 718 hu·

1552 775 1554 778 y
1589 724 1651 773 jus
1659 730 1785 777 gratiae
1801 739 1838 768 te
1850 731 1962 783 duplo
1969 745 2182 772 remunera-

1595 776 1662 816 bit.
1674 780 1746 818 Do.
1760 780 1854 820 Haec
1866 785 1988 823 inania
2001 794 2088 823 sunt
2096 798 2183 837 pro-

1595 831 1716 870 missa.
1770 835 1843 873 An.
1872 835 1975 875 Num
2001 836 2180 890 Pamphi-

1594 881 1666 921 lam
1690 883 1759 924 hac
1785 888 1878 926 urbe
1901 893 2081 942 exportari
2100 901 2180 931 tam

1601 935 1691 975 dure
1716 943 1952 981 consenties?
1982 952 2062 982 tum
2084 957 2182 995 quo·

1600 1002 1673 1039 que
1684 989 1816 1030 horum
1830 1000 1990 1032 amorem
2003 1004 2180 1036 mutuum

1600 1041 1722 1082 divelli
1760 1047 1838 1096 pati
1872 1049 2039 1098 poteris?
2103 1050 2182 1093 Do,

1601 1093 1736 1151 Neque
1753 1111 1839 1150 ego,
1853 1110 1974 1152 neque
1988 1111 2044 1148 tu,
2060 1103 2183 1153 patie-

1600 1160 1694 1188 mur.
1748 1150 1818 1190 Ge.
1845 1150 1912 1190 Dii
1939 1154 1978 1192 te
2034 1155 2183 1205 erdant,

1599 1210 1639 1238 ut
1653 1203 1804 1242 meritus
1823 1218 1874 1243 es.
1896 1206 1976 1244 Do.
1995 1168 2179 1256 sshaedria,

1598 1267 1669 1305 ego
1688 1264 1725 1292 te
1736 1255 1815 1306 jam
1833 1258 2014 1310 plurimos
2032 1273 2178 1299 menses

1598 1308 1736 1346 invitus
1770 1309 1905 1357 tolero,
1945 1320 1985 1349 et
2021 1323 2179 1365 expecto

1596 1362 1872 1411 promittentem
1885 1364 2019 1411 solam,
2031 1374 2070 1403 et
2085 1363 2180 1406 nihil

1597 1415 1768 1463 pecuniae
1782 1415 2013 1464 afferentem,
2037 1419 2101 1456 sed
2118 1432 2179 1458 so-

1596 1465 1648 1503 las
1679 1465 1880 1520 lachrymas
1902 1469 2176 1511 effundentem:

1597 1531 1697 1557 nunc
1732 1521 1847 1560 alium
1885 1522 2012 1561 contre
2053 1524 2179 1563 inveni

1597 1572 1719 1622 multo
1751 1575 1964 1615 dissimilem
1998 1577 2069 1623 tui,
2112 1579 2177 1629 qui

1597 1626 1668 1663 scit
1690 1625 1789 1674 dare,
1816 1640 1892 1666 non
1918 1630 2001 1667 vero
2021 1632 2179 1681 promit-

1597 1685 1676 1716 tere
1704 1677 1854 1728 fmstst,
1882 1691 1919 1719 et
1946 1681 2053 1720 fieret
2086 1683 2178 1723 cede

1598 1729 1671 1769 illis
1690 1733 1752 1783 qui
1773 1733 1856 1785 plus
1875 1742 2044 1786 possunt,
2063 1737 2177 1787 quam

1588 1790 1654 1823 tu.
1708 1785 1782 1823 An.
1809 1785 2011 1838 Equidem,
2044 1790 2075 1826 si
2103 1802 2178 1841 ego

1597 1837 1685 1876 satis
1721 1839 1903 1886 recordor,
1943 1840 2039 1878 diem
2076 1842 2178 1881 certe

1596 1888 1789 1929 definivisti
1809 1891 1979 1939 antehac,
2000 1893 2051 1943 ‚ad
2064 1907 2177 1946 quam

1596 1939 1827 1995 Pamphilam
1853 1943 2032 1984 Phaedriae
2055 1948 2177 1986 trade-

1594 2008 1664 2034 res.
1699 1996 1770 2035 Ph.
1798 1995 1858 2035 Ita
1874 2009 1943 2037 est.
1979 1999 2053 2037 Do.
2067 1999 2174 2039 Num

1594 2061 1665 2101 ego
1696 2050 1859 2089 infitior?
1914 2051 1989 2089 Αὴ.
2020 2048 2176 2092 Praeter·

1589 2098 1692 2153 lapsa
1723 2105 1808 2141 est?
1874 2104 1946 2142 Do.
1974 2102 2081 2152 Non,
2108 2106 2175 2145 sed

1593 2151 1675 2192 haec
1693 2156 1786 2201 dies,
1805 2156 1878 2208 qua
1891 2166 2098 2210 emptorem
2115 2161 2175 2199 iri-¹

1592 2208 1690 2255 veni,
1709 2222 1806 2255 eam,
1823 2223 1908 2261 quae
1919 2211 2068 2262 praefixe
2084 2210 2176 2259 fuit,

1591 2261 1805 2313 anticipavit
1847 2264 2174 2315 repraesentatione

1590 2316 1769 2364 pecuniae.
1823 2315 1898 2354 An.
1925 2314 2016 2354 Non
2033 2317 2175 2368 pudore

1590 2365 1808 2406 suffunderis
1827 2367 1873 2406 de
1898 2371 2060 2407 vanitate
2085 2370 2174 2410 fidei

1592 2427 1630 2457 et
1656 2420 1834 2472 perfidie?
1891 2422 1965 2460 Do.
1992 2420 2174 2471 Minime,

1591 2472 1791 2512 dummodo
1833 2474 1979 2513 lucrum
2024 2474 2175 2517 faciam.

1593 2524 1663 2564 Ge.
1701 2524 1915 2565 Stercorum
1956 2537 2173 2580 receptacu-

1589 2577 1680 2617 lum.
1724 2579 1795 2618 Ph.
1821 2578 1927 2618 Itane
1945 2580 2094 2620 tandem
2107 2582 2172 2633 agi

1589 2630 1718 2670 decet?
1777 2632 1851 2670 Do.
1887 2631 1952 2670 Sic
1983 2633 2005 2671 ὲ
2039 2634 2172 2674 natura

1588 2693 1816 2740 comparatus
1847 2698 1950 2723 sum:
1984 2687 2015 2724 si
2040 2695 2169 2739 gratus

1588 2750 1687 2785 sum,
1723 2750 1784 2775 me
1811 2746 1927 2776 utere.
1980 2738 2057 2777 An.
2084 2738 2170 2778 Sic·
2249 2755 2251 2757 ·

1588 2791 1669 2827 cine
1686 2788 1788 2828 hunc
1802 2790 1926 2829 fallis?
1957 2791 2030 2830 Do.
2059 2789 2168 2835 Quin

1596 2844 1709 2880 iotius
1739 2843 1837 2882 certe
1871 2842 1949 2890 hle,
1977 2843 2167 2896 Antipho,

1616 2894 1752 2933 hoedria
1769 2909 1829 2934 me
1847 2896 1961 2934 fallit:
1991 2910 2076 2936 nam
2101 2897 2166 2936 ille

1583 2945 1795 2997 hujusmodi
1826 2949 1968 3002 ingenii
1995 2964 2056 2988 me
2084 2964 2166 2988 esse

1584 3013 1659 3038 non
1673 3001 1882 3054 ignorabat:
1901 3001 2002 3040 hunc
2015 3016 2087 3056 ego
2101 3003 2167 3040 ali-

1580 3064 1637 3091 ter
1653 3051 1790 3092 factum
1808 3067 1887 3092 esse
1900 3056 2037 3106 putavi.
2091 3053 2167 3093 Ita·

1581 3119 1668 3156 que,
1702 3107 1773 3144 iste
1804 3120 1864 3144 me
1900 3106 2049 3145 fefellit:
2095 3119 2167 3159 ego

1582 3159 1666 3196 verb
1684 3160 1812 3197 eodem
1827 3160 1951 3206 mod0‚
1977 3173 2019 3197 ac
2037 3169 2163 3207 antea,

1582 3224 1668 3263 erga
1679 3225 1765 3249 eum
1780 3225 1838 3249 me
1851 3224 1953 3263 gero.
2008 3210 2082 3250 Sed
2099 3221 2164 3251 ut-

112 3267 258 3307 cunque
270 3255 353 3296 haec
366 3271 405 3296 se
422 3255 598 3308 habeant,
622 3259 696 3300 hoc
710 3261 831 3302 facere
846 3263 1039 3302 constitui:
1068 3262 1187 3310 miles,
1202 3263 1262 3301 cui
1280 3260 1903 3317 Pamphilamyendidi,argentum
1920 3277 1960 3300 se
1978 3262 2068 3303 mihi
2083 3278 2160 3303 cras

110 3307 283 3347 daturum
301 3310 491 3360 promisit:
520 3313 550 3350 si
567 3321 625 3359 tu,
651 3312 832 3363 Phaedria,
860 3317 959 3367 prins
980 3314 1091 3366 quam
1118 3316 1193 3362 ille,
1223 3315 1316 3356 mihi
1336 3317 1493 3366 dederis,
1514 3322 1598 3359 ,lure
1623 3329 1707 3355 mco
1724 3326 1826 3355 utar:
1854 3316 2012 3366 scilicet,
2038 3318 2165 3370 potior

110 3359 173 3399 ille
191 3360 284 3401 mihi
301 3361 396 3401 solet
412 3376 508 3412 ene,
533 3365 600 3417 qui
616 3367 714 3418 prior
731 3369 775 3407 ad
791 3368 952 3407 dandum
968 3369 1080 3407 venit.
1133 3367 1251 3407 Vale.·
1299 3392 1315 3419 2.

963 3530 1293 3574 ANNOTATIO.

165 3676 223 3710 ³4·
244 3638 369 3721 Nebna
388 3683 465 3722 ego,
491 3684 603 3723 noque
620 3670 691 3722 tu.)
735 3670 894 3711 Irridens
914 3674 950 3712 id
969 3675 1019 3712 ait
1038 3673 1171 3714 Dorio.
1220 3673 1305 3715 Hoc
1323 3684 1445 3715 autem
1463 3677 1533 3716 sibi
1551 3677 1650 3718 vult:
1678 3675 1909 3735 Magnopere
1927 3678 2067 3722 scilicet
2086 3693 2163 3738 ego}

111 3731 151 3759 et
168 3731 208 3761 tu
225 3721 423 3767 afficiemus
441 3722 512 3766 hac
527 3725 663 3766 moris
678 3725 932 3773 distractione,
959 3740 1079 3780 neque
1098 3741 1176 3766 eam
1195 3730 1397 3782 potr-simus
1415 3730 1506 3820 ραᾸι.

1383 3790 1385 3793 ’
1415 3790 1438 3818 2

1727 3850 1744 3864 .“
1760 3852 1794 3869 ’ὑ
