2314 3944
745 133 979 195 AGTUS
1024 140 1090 195 V.
1135 137 1399 195 -SCENA
1431 140 1554 196 VI.-

108 289 230 351 Quo

109 349 213 413 Ph.

289 295 416 341 acto
423 283 704 337 satietatem
728 286 911 338 amoris
935 286 1007 337 ait
1029 303 1082 339 se
1106 285 1235 336 velle
1260 286 1490 337 sumere?

301 352 690 425 icissinrparteis
714 367 822 408 tuas
847 367 1044 408 acturus
1069 365 1160 408 est.
1231 354 1336 407 An.
1375 356 1531 426 quas?

240 429 351 490 Ph.
379 438 450 478 ut
457 428 639 494 fugitet
663 439 890 497 panem:

107 499 188 570 Te
207 493 351 574 stiam
377 499 568 567 rogavit
593 517 788 552 rulsutn
813 509 871 551 ut
893 517 1064 569 ageres
1098 516 1343 563 caussam,
1362 507 1420 550 ut
1442 517 1535 579 pro

252 587 304 620 se
329 569 548 621 diceres:

109 640 249 696 Nam
274 650 530 709 potaturus
567 650 641 692 est
673 641 806 711 apud
831 659 932 701 me.
971 659 1067 710 ego
1102 651 1187 693 me
1223 641 1295 692 ire
1330 640 1532 692 senibus

114 716 127 722 ⁹
253 703 472 763 Sunium

109 781 300 836 Dicam
321 783 383 833 ad
408 792 705 845 mercatum,
747 781 1042 834 ancillulam
1067 791 1314 852 emptum,
1341 783 1534 834 dudum

293 872 409 904 uam
438 855 566 907 dixit
591 855 751 906 Geta·
739 892 752 915 ‚
1471 859 1537 905 10

109 924 212 989 Ne,
240 857 357 976 efflui
403 924 488 976 hic
530 943 632 976 non
668 924 870 977 videant
905 943 1007 991 me,
1042 924 1292 978 conficere
1333 925 1539 978 credant

252 1005 516 1064 argentum
543 1015 706 1049 suum.

111 1064 215 1119 Sed
238 1067 424 1118 ostium
448 1067 743 1135 concrepuit
766 1068 852 1119 abs
875 1076 943 1120 te.
978 1064 1084 1121 An.
1107 1067 1238 1134 vide,
1258 1068 1369 1139 quis
1393 1086 1538 1138 egre-

255 1137 403 1192 ditur.
439 1138 541 1190 Ph.
564 1137 698 1189 Geta
722 1149 813 1190 est.

914 1277 1361 1331 ΑΝΝοΤΑΤΙοΝΕὲ.

166 1419 189 1460 7
218 1408 361 1452 Parteis
378 1418 461 1451 tuas
478 1408 656 1459 acturus]
698 1407 933 1448 Translatum
952 1411 974 1448 ὲ
999 1409 1118 1448 sceni-

111 1467 166 1507 eis
183 1465 382 1504 actoribus.
417 1463 463 1502 Id
480 1473 548 1511 est,
560 1472 599 1501 te
617 1463 822 1500 imitaturus
838 1473 908 1502 est.

1225 1417 1273 1448 12
1305 1409 1452 1448 Ostium
1468 1409 1670 1462 concrepuit
1685 1411 1750 1449 abs
1766 1408 1830 1460 ια]

2059 150 2162 204 241

1586 285 1773 338 quomodo
1788 285 1841 324 ait
1858 299 1898 325 se
1924 288 2018 327 velle
2045 293 2161 332 amori

1586 353 1655 377 suo
1686 339 1923 378 satisfacere?
1980 343 2051 380 Ph.
2095 343 2163 383 In-

1585 393 1618 429 vi
1621 406 1702 431 cem
1715 401 1951 445 suscepturus
1969 403 2026 432 est
2065 406 2164 435 artes

1584 454 1667 484 tuas
1697 447 1866 498 agendas.
1911 447 1986 484 An.
2061 462 2155 488 uas.
2142 450 2164 475 ²

1587 498 1658 537 Ph.
1703 488 1759 537 Ut
1775 500 1888 550 patris
1919 510 2166 553 conspectum

1585 550 1727 603 fugiat.
1765 561 1803 590 te
1833 554 1974 603 rogavit
2005 562 2049 592 ut
2083 567 2166 592 rur-

1586 617 1670 642 sum
1697 618 1799 642 suam
1834 618 1960 657 ageres
1998 619 2167 647 caussam

1586 658 1684 707 apud
1701 667 1859 708 patrem,
1855 637 1914 696 oet
1931 671 2000 711 pro
2023 673 2063 696 se
2082 673 2168 699 ora-

1587 722 1664 747 res:
1692 723 1775 747 nam
1793 710 1892 762 apud
1922 724 1983 749 me
2011 710 2168 764 compo-

1586 770 1730 800 taturus
1748 772 1818 800 est.
1857 762 1941 815 Ego
1968 764 2088 803 dicam
2106 779 2168 805 se-

1588 815 1698 852 nibus
1717 829 1776 852 me
1794 817 1974 866 proficisci
2006 816 2169 859 Sunium

1589 868 1635 904 ad
1649 876 1865 914 mercatum,
1884 870 2093 908 ancillulam
2117 880 2166 910 ut

1589 934 1725 966 emam,
1740 921 1785 958 de
1809 922 1882 972 qua
1899 921 1997 960 Geta
2019 923 2168 963 locutus

1590 981 1646 1011 est
1664 973 1737 1010 illis
1755 974 1996 1025 jampridem:
2026 990 2074 1014 ne
2100 975 2167 1015 hic

1570 1056 1571 1059 η
1591 1039 1651 1063 me
1663 1040 1740 1064 non
1749 1026 1932 1073 videntes,
1946 1028 2091 1067 credant
2105 1043 2169 1068 me

1590 1092 1807 1116 consumme
1824 1089 2018 1132 argentum
2043 1095 2168 1121 suum.

1591 1130 1668 1169 Sed
1684 1133 1822 1171 ostium
1834 1133 1964 1171 domas
1983 1142 2059 1171 tuae
2077 1148 2169 1172 con·-

1591 1186 1762 1236 strepuit
1824 1185 1897 1223 An.
1940 1184 2039 1226 Vide
2083 1188 2168 1241 quia

1592 1247 1709 1276 exeat.
1737 1238 1810 1278 Ph.
1827 1238 1925 1278 Geta
1942 1247 2011 1278 est.

1886 1407 1931 1448 Id
1947 1418 2016 1457 est,
2030 1410 2169 1451 ostium

1169 1461 1300 1500 domus
1316 1471 1412 1500 tuae·
1441 1472 1486 1501 ut
1504 1464 1543 1500 in
1563 1463 1703 1502 Andria*
1718 1463 1803 1501 Azct
1825 1460 1898 1501 III.
1916 1460 2027 1500 Scen.
2041 1462 2074 1502 I.
2093 1476 2171 1502 cre·

166 1527 191 1560 9
216 1517 407 1567 Sunium]
437 1516 655 1555 Extremum
674 1526 729 1553 est
744 1515 884 1553 Atticae
902 1522 1118 1567 promonto-
1162 1516 1251 1567 puit
1266 1515 1290 1553 ἂ
1316 1514 1488 1567 Glycerio
1505 1517 1652 1554 ostium.
1705 1515 1769 1554 S1e
1772 1516 1907 1566 fidgor
1922 1517 1968 1554 ab
1984 1528 2077 1555 auro
2100 1527 2171 1567 pro

113 1572 212 1611 rium
244 1580 368 1609 ortum
396 1578 580 1623 spectans,
611 1569 732 1606 vicum
762 1567 917 1614 habens,
950 1567 1118 1617 ejusdem
1170 1581 1253 1606 aun
1248 1567 1409 1617 fulgor
1437 1566 1647 1606 Lucretius.
1702 1568 1828 1613 Cicero
1853 1581 1937 1609 reus
1968 1568 1994 1608 ἃ
2008 1568 2169 1619 Milone,

115 1625 292 1672 nominis,
311 1636 412 1662 nunc
428 1631 599 1682 vocatum
621 1620 719 1660 Caho
732 1621 823 1659 delle
844 1621 1014 1660 calonne.

544 1820 920 1892 ACTUS

1170 1620 1208 1658 id
1225 1629 1294 1670 est,
1312 1628 1517 1660 accusatore
1531 1622 1689 1660 Milone.

993 1822 1074 1888 V.
1173 1819 1574 1905 SCENA
1645 1823 1763 1891 VI.

614 2026 826 2090 GETA.
897 2024 1241 2080 ANTIPHO.
1313 2021 1673 2082 PHORMIO.

121 2162 217 2214 Ge.
271 2162 322 2214 O
361 2163 646 2216 EORTUNA!
694 2164 726 2215 ὃ
748 2164 848 2215 fors
887 2161 1138 2214 fortuna'
1166 2162 1365 2233 quantis
1402 2181 1543 2215 com·

263 2234 604 2299 moditatibuS,

121 2303 293 2361 Quam
318 2305 484 2357 subito
509 2324 624 2358 meo
646 2305 769 2357 hero
793 2303 1076 2375 Antiphoni
1100 2322 1197 2374 ope
1221 2307 1381 2356 vestra
1404 2294 1542 2358 huiic

261 2377 500 2428 onerastis
526 2377 688 2429 diem!

119 2447 216 2501 An.
256 2446 516 2526 Quidnam
549 2448 636 2499 hic
673 2447 767 2499 sibi
802 2446 940 2499 volt?
1006 2447 1102 2499 Ge.
1138 2463 1328 2517 nosque
1352 2441 1542 2498 amicos

263 2516 367 2587 ejus
391 2519 690 2573 exonerastis
715 2527 874 2571 metu.
1454 2543 1455 2546 ¹

120 2587 224 2639 Sed
247 2606 343 2657 ego
367 2607 504 2641 nunc
530 2591 657 2642 mihi
678 2608 832 2654 ceSSO,
855 2588 943 2660 qui
969 2607 1072 2641 non
1102 2588 1375 2640 humerum
1400 2579 1543 2640 hunc

263 2677 416 2712 onero
438 2662 624 2729 pallio·
610 2701 625 2726 ,

117 2731 288 2800 Atque
331 2731 592 2784 hominem
634 2749 847 2802 propero
887 2727 1128 2794 iuvenile,
1167 2743 1225 2782 ut
1263 2729 1394 2794 haee,
1428 2746 1544 2799 quae

262 2802 584 2871 contigerint,
612 2803 766 2854 sciat
757 2804 772 2845 ?
1507 2808 1540 2853 5

119 2874 217 2927 An.
256 2871 399 2924 Num
424 2885 480 2925 tu
506 2874 761 2942 intelligis,
795 2874 881 2926 hie
906 2874 1027 2943 quid
1052 2873 1254 2925 narret?
1295 2873 1391 2926 Ph.
1418 2890 1543 2924 num

261 2945 353 2995 tu?
392 2945 489 2996 An.
509 2945 598 2996 nil.
640 2946 740 2997 Ph.
761 2946 1076 2997 tantumdem
1102 2963 1213 3012 ego.

125 3013 222 3065 Ge.
259 3015 341 3066 Ad
365 3017 601 3082 lenonem
629 3017 750 3068 hinc
777 3017 846 3067 ire
863 3033 1074 3084 ‚pergam
1097 3034 1108 3067 t
1150 3015 1222 3067 ibi
1247 3032 1385 3066 nunc
1409 3023 1543 3067 sunt.

263 3085 367 3136 An.
392 3086 531 3151 heus,
550 3088 697 3140 Geta.
741 3089 832 3138 Ge.
855 3086 974 3137 hem
992 3086 1103 3137 tibi.

124 3153 270 3206 Num
296 3154 482 3208 mirum
507 3169 594 3209 aut
625 3177 809 3209 novum
837 3168 911 3208 est
936 3157 1172 3223 revocari,
1197 3174 1400 3209 cursum
1426 3158 1543 3208 cum

264 3224 534 3278 institueris
552 3229 570 3279 Ρ
608 3230 715 3282 An.
733 3229 882 3280 Geta.

1652 2161 1722 2201 Ge.
1765 2162 1803 2203 O
1828 2160 1999 2203 fortuna!
2041 2164 2066 2204 ὁ
2096 2162 2174 2204 sors

1596 2215 1764 2255 fortuna!
1809 2226 1926 2268 quant
1927 2218 1958 2255 is
2001 2218 2175 2260 utilitati-

1595 2269 1667 2308 bus
1702 2278 1742 2308 et
1775 2269 1883 2308 bonis
1923 2266 2175 2317 successibus,

1594 2323 1706 2373 quem
1721 2323 1873 2374 repente
1885 2321 1977 2361 hero
1994 2336 2080 2361 meo
2089 2322 2173 2360 An·

1594 2373 1762 2426 tiphoni‚
1775 2385 1894 2413 vestro
1910 2376 2048 2414 auxilio
2070 2373 2176 2415 huno

1594 2428 1806 2466 cumulastis
1819 2429 1938 2466 diem!
1968 2428 2041 2465 An.
2051 2426 2175 2471 Quid-

1596 2494 1680 2518 nam
1715 2479 1778 2519 hic
1813 2481 1885 2519 sibi
1929 2481 2040 2519 vult?
2097 2479 2175 2522 Ge..

1594 2532 1752 2584 Nosque
1788 2535 1866 2584 ejus
1898 2534 2175 2572 amantissimo..

1593 2587 1797 2627 exsolvistis
1823 2594 1940 2624 metu.
1994 2584 2071 2626 Sed
2083 2586 2175 2636 quid

1594 2652 1666 2690 ego
1683 2649 1838 2678 cunctor
1854 2648 1892 2677 et
1912 2651 2016 2677 cesso
2033 2639 2074 2676 in
2092 2638 2175 2677 offi-

1595 2693 1655 2730 cio
1685 2704 1785 2739 meo,
1819 2692 1885 2742 qui
1914 2704 1991 2729 non
2015 2691 2176 2743 pallium

1595 2744 1744 2797 colligo,
1763 2753 1802 2782 et
1831 2746 1870 2782 in
1896 2742 2072 2783 humeros
2086 2746 2176 2796 reji-

1596 2798 1670 2843 cio,
1697 2795 1956 2848 Antiphonem
1990 2795 2178 2836 festinan-

1595 2860 1654 2887 ter
1679 2863 1819 2901 qumo,
1838 2861 1882 2888 ut
1905 2849 1987 2888 haec
2012 2863 2097 2900 quae
2114 2863 2181 2888 αο-

1596 2903 1767 2949 ciderint,
1793 2903 1948 2941 resciat?
1995 2903 2071 2947 An.
2095 2901 2180 2941 Ec-

1555 2980 1560 2985 ·
1594 2956 1684 3004 quid
1715 2964 1842 2994 mente
1876 2955 2051 3007 percipis,
2084 2969 2180 3006 quse

1595 3007 1715 3046 Geta‘
1707 3017 1775 3046 iste
1789 3008 2076 3046 commemoret?
2102 3009 2177 3047 Ph.

1595 3059 1677 3112 Ecq
1680 3051 1741 3099 uid
1794 3061 1862 3098 tu?
1927 3061 2001 3097 An.
2047 3057 2176 3099 Nihil.

1597 3076 1677 3152 Phq
1706 3112 1944 3151 Tantundem
1976 3123 2059 3163 ego.
2101 3111 2178 3151 Ge.

1597 3165 1657 3204 Ad
1688 3166 1858 3203 lenonem
1898 3163 1986 3201 hinc
2021 3176 2176 3226 pergere

1596 3219 1699 3257 volo:
1746 3219 1798 3256 ibi
1834 3218 1871 3255 in
1911 3216 1990 3264 ejus
2029 3216 2178 3255 aedibu-

1599 3284 1698 3309 nunc
1731 3278 1841 3308 sunt:
1887 3268 2029 3305 scilieet
2061 3268 2176 3306 Anti-

122 3321 200 3375 pho
214 3333 252 3361 et
268 3321 449 3364 Phaedria.
477 3325 550 3362 An.
570 3324 691 3371 Hem,
703 3326 816 3373 Geta,
832 3327 930 3365 audi.
959 3325 1028 3365 Ge.
1048 3324 1151 3365 Hem
1168 3324 1262 3364 tibi:
1289 3338 1380 3364 num
1406 3324 1540 3363 mirum
1567 3334 1633 3362 aut
1655 3322 1845 3361 insolitum
1861 3329 1934 3368 est,
1950 3331 2018 3359 nos
2030 3321 2116 3362 sinti
2133 3329 2176 3361 et

123 3377 290 3424 retineri,
307 3378 394 3416 cum
411 3375 583 3416 festinare
602 3379 828 3417 instituimus
840 3381 859 3420 ἲ
886 3381 961 3418 An.
979 3378 1091 3418 Geta.

985 3520 1060 3560 AN
1066 3516 1316 3561 NOTATIO.

181 3624 197 3654 1
232 3615 525 3665 Osorsfortuna
540 3615 573 3669 J]
604 3613 768 3654 Fortuna
782 3624 838 3653 est
862 3614 1024 3654 incertus
1049 3615 1103 3653 rei
1123 3618 1263 3655 exitus·
1256 3612 1381 3654 .Fors
1403 3613 1549 3652 fortuna
1567 3622 1623 3652 est
1638 3613 1735 3652 bona
1754 3611 1917 3656 fortuna.
1940 3611 2064 3667 Hujus
2081 3613 2180 3654 ades

126 3676 223 3707 trans
235 3668 404 3708 Tiberim
421 3679 491 3707 est.

1393 3716 1518 3788 ὨΒ
