2340 3964
745 188 1236 248 TERENTIANA.

195 341 324 405 Ergo
339 338 460 388 ¹nihil
485 335 660 388 mirum
685 340 758 395 sit,
782 340 860 403 qui
883 339 1094 387 motoriis
1116 337 1318 402 pedibus
1339 334 1524 384 auferat
1543 346 1628 382 sua
1641 335 1768 396 jum,
1791 332 1851 382 ad

128 408 340 466 statarios
363 404 599 456 immerito
620 406 886 454 transferre.
953 406 1091 452 Illum
1116 405 1244 452 enim
1267 408 1454 450 versum
1474 417 1536 449 ex
1558 399 1770 448 Andria:

154 496 159 520 :
222 495 225 497 ·
267 473 325 519 Ut
345 473 480 520 malis
494 471 740 534 gaudeant,
763 481 896 536 atque
916 488 970 518 ex
991 470 1308 518 incommodis.-
1456 481 1458 485 ·
1636 488 1643 494 ·
1743 491 1745 493 -

150 572 156 576 -
193 538 453 585 Aususest
475 537 711 585 vcreticum
733 536 988 585 dimetrum
1010 535 1287 582 nominare:
1325 532 1408 595 qui
1441 541 1602 580 tamen
1633 549 1717 598 pes
1739 530 1851 580 cnm

127 617 226 649 non
259 602 414 650 solum
437 602 728 666 syllabarum
761 599 1088 657 numero,'sed
1125 599 1268 646 etiam
1293 606 1560 660 temporum
1592 598 1853 662 quantitate

126 667 369 730 prolixior,
389 668 533 732 quam
569 669 823 731 spondaeus
857 668 946 715 sit:
982 680 1124 729 quare
1163 664 1289 711 solus
1312 678 1473 710 unam
1509 662 1853 712 dimensionem

126 748 224 783 non
245 732 451 797 expleat,
487 733 527 780 si
566 733 819 795 spondaeus
853 731 1057 795 implet?
1091 729 1215 776 Eum
1251 736 1412 774 tamen
1445 737 1633 774 secutus
1671 728 1854 784 Rivius,

123 812 287 861 parem
313 799 482 846 erroris
501 799 691 846 admisit
708 797 1074 864 proportionem.
1125 791 1365 858 Siquidem
1383 792 1636 839 trochaicis
1655 808 1852 856 anapae·

130 870 254 911 stum
276 863 848 928 interserinonnunquam
872 861 1061 924 scripsit
1094 857 1238 906 causa
1259 857 1551 905 celeritatis:
1590 857 1715 922 quod
1750 858 1856 906 dic-

0 942 1 958 *
44 966 53 970 ,
127 936 230 976 tum
248 944 358 978 cum
382 931 464 977 illo
485 930 723 994 superiore
747 925 953 975 maxime
972 924 1208 981 convenit,
1235 923 1358 971 idern
1382 938 1588 987 namque
1610 923 1818 971 sentiunt
1837 944 1851 971 ε

129 992 242 1041 cnm
256 994 336 1042 ille
353 996 583 1043 creticum
597 994 657 1041 ad
672 994 897 1046 iambum,
915 992 993 1040 hic
1011 1001 1307 1056 anapaestum
1319 985 1492 1036 referat
1502 988 1560 1035 ad
1572 989 1852 1038 trochaeum.

128 1059 199 1107 A't
219 1061 301 1123 qui
335 1076 419 1125 pes
441 1061 508 1108 ita
524 1062 650 1106 'esset
682 1068 883 1122 quatuor
913 1056 1144 1121 praeditus
1172 1054 1481 1118 temporibuS‚
1515 1063 1568 1100 ut
1589 1054 1683 1102 duo
1714 1057 1854 1103 simul

127 1140 275 1173 unam
305 1126 541 1191 syllabam
563 1124 806 1171 efficerent
826 1123 1017 1188 plenam
1039 1121 1263 1187 ponderis
1285 1130 1335 1167 et
1357 1120 1616 1184 gravitatis,
1649 1137 1743 1168 non
1767 1137 1856 1183 po-

129 1190 221 1237 tuit
242 1191 366 1238 inter
386 1206 598 1239 cursores
620 1190 725 1237 illos
747 1188 1075 1242 annumerari:
1112 1187 1367 1251 praesertim
1403 1186 1514 1232 etim
1539 1187 1700 1233 iambo
1721 1186 1852 1233 simi-

128 1255 219 1303 lior
241 1264 362 1304 esset
380 1265 648 1319 anapaestus
669 1255 809 1319 quam
834 1255 1077 1315 trochae03
1110 1262 1309 1317 uterque
1331 1252 1459 1299 enim
1486 1250 1516 1298 a
1535 1246 1757 1300 br‘evibus
1778 1251 1855 1299 in-

128 1320 261 1384 cipit,
279 1322 332 1369 in
347 1321 540 1386 longam
557 1320 741 1370 desinit.
775 1319 966 1370 Quanto
985 1320 1112 1368 enim
1127 1319 1313 1383 gravior
1330 1327 1403 1365 est
1424 1317 1610 1364 iambus
1627 1318 1852 1374 trochaeo,

128 1384 271 1451 tanto·
285 1395 358 1439 est
379 1397 644 1450 anapaestus
667 1387 877 1453 dacty10.
917 1386 1080 1435 Quare
1099 1401 1195 1432 non
1218 1385 1309 1432 levi
1333 1382 1392 1431 de
1409 1381 1553 1431 causa.
1572 1383 1750 1431 factum
1767 1394 1855 1440 est,

127 1461 181 1499 ut
203 1451 466 1516 gravissimi
489 1454 722 1517 poematis
744 1453 1020 1517 gravissima
1041 1467 1150 1515 pars
1166 1451 1336 1513 chorus
1358 1449 1416 1496 ad
1442 1449 1704 1514 gravissimi
1724 1449 1857 1513 pedis

127 1518 422 1578 majestatem
447 1523 554 1565 'sese
588 1518 841 1574 conferret,
867 1518 1050 1565 scilicet
1080 1525 1387 1579 anapaestum.
1453 1514 1579 1563 Quid
1614 1513 1740 1580 quod
1774 1515 1857 1563 ille

129 1583 312 1647 nullam
335 1585 492 1646 posuit
524 1584 772 1639 rationem,
798 1591 990 1647 propter
1021 1597 1162 1646 quam
1186 1580 1425 1629 trochaeus
1443 1587 1565 1627 esset
1585 1579 1748 1629 iambo
1771 1596 1859 1629 vo-

130 1648 359 1696 lubilior?
394 1650 460 1696 At
476 1648 591 1696 vero
610 1658 660 1696 et
671 1665 847 1696 nomen
865 1649 1088 1696 Graecum
1112 1647 1356 1696 excitabat
1373 1661 1474 1701 nOS,
1497 1653 1546 1692 et
1569 1646 1758 1694 suberat
1781 1661 1859 1694 ra-

130 1714 214 1762 tio.
277 1713 403 1761 Nam
426 1715 506 1778 qui
540 1723 590 1762 et
617 1714 910 1779 syllabarum
948 1729 1160 1769 numero,
1195 1721 1242 1759 et
1267 1721 1536 1773 temporum
1570 1713 1749 1759 ratione
1774 1728 1861 1775 par

131 1786 254 1833 esset
275 1779 451 1833 iambo,
473 1795 570 1828 non
593 1779 748 1843 potuit
769 1795 824 1826 eo
843 1795 942 1827 esse
961 1779 1176 1834 celerior,
1192 1777 1280 1824 nisi
1304 1774 1416 1824 sane
1435 1785 1717 1839 temporum,
1732 1785 1857 1825 tem-

130 1844 345 1908 poraque
363 1843 679 1893 defere‘ntium
703 1845 998 1908 syllabarum
1021 1845 1128 1898 situ,
1165 1842 1260 1908 qua
1280 1841 1376 1889 una
1399 1859 1449 1889 re
1471 1842 1541 1890 illi
1563 1842 1698 1890 fieret
1720 1842 1858 1890 dissi-

130 1909 274 1958 milis.
338 1909 506 1957 Trahit
528 1912 656 1958 enim
678 1910 916 1958 trochaeus
939 1909 1130 1975 syllaba
1150 1910 1308 1974 priore
1331 1923 1499 1955 vocem
1523 1907 1605 1964 ita,
1630 1909 1746 1955 utin
1771 1914 1859 1973 p'o-

64 2026 70 2039 ,
131 1975 326 2024 steriore
346 1976 625 2025 emollescat
643 1992 700 2023 ac
723 1975 853 2039 quasi
877 1985 1143 2024 evanescat.
1211 1975 1403 2022 Iambus
1421 1973 1448 2021 ὲ
1469 1975 1707 2022 contrario
1731 1975 1860 2024 cele·

130 2039 320 2090 ritatem
341 2040 596 2104 professuS‚
620 2042 902 2107 gravitatem
927 2050 1149 2106 praestat.
1204 2040 1372 2104 Itaque
1396 2040 1724 2103 sanguinarius
1758 2056 1858 2104 pes,

133 2115 191 2171 et*
205 2115 452 2170 promptus
473 2107 534 2156 ad
551 2107 906 2163 vulnerandum,
926 2109 1106 2155 indicat
1122 2114 1172 2154 et
1195 2106 1427 2169 impetum
1445 2103 1617 2168 primo,
1642 2115 1690 2152 et
1711 2115 1859 2154 stata-

130 2172 248 2219 riam
263 2178 473 2236 pugnam
498 2189 626 2222 mox.
693 2173 748 2221 Id
767 2173 889 2236 quod
914 2173 1174 2239 Hipponax
1197 2172 1310 2219 crim
1332 2172 1561 2218 acerrimo
1580 2172 1772 2235 ingenio
1789 2172 1863 2220 vir

134 2236 544 2294 animadverteret,
569 2255 710 2302 quam
733 2239 965 2287 rationem
991 2237 1195 2301 impetus
1215 2238 1268 2284 -in
1294 2235 1416 2299 pede
1439 2237 1719 2297 agnovisset,
1752 2254 1862 2286 eam

132 2302 182 2348 in
206 2302 492 2364 peculiarem
517 2305 626 2367 pedi
651 2321 835 2352 versum
871 2305 1139 2351 transtulit:
1176 2312 1228 2350 ut
1249 2303 1370 2349 sicut
1393 2302 1577 2348 iambus
1599 2303 1647 2348 in
1671 2302 1861 2368 syllaba.

131 2365 279 2430 longa
304 2368 522 2430 pertinax
550 2379 800 2434 pugnaret,
829 2370 897 2417 sic
926 2371 1174 2418 iambicus·
1192 2383 1349 2415 versus
1383 2367 1430 2413 in
1464 2366 1660 2431 longum
1683 2369 1862 2432 pedem

134 2433 449 2485 incumberet.
492 2435 765 2484 -Leviorem
787 2436 915 2483 enim
938 2448 1063 2483 ratus
1088 2435 1317 2488 iambum,
1342 2431 1484 2496 quam
1509 2442 1561 2479 ut
1585 2432 1640 2480 ad
1662 2433 1863 2496 impres·

118 2497 316 2559 *sionem
340 2497 607 2548 faciendam
628 2502 739 2549 satis
762 2512 899 2555 esset,
934 2502 983 2548 in
1014 2501 1229 2564 quintam
1263 2500 1462 2564 praelato
1492 2497 1669 2554 sedem,
1692 2515 1860 2547 succe-

131 2562 244 2610 dere
267 2563 312 2611 ei
336 2564 616 2627 spondaeum
638 2566 768 2616 fecit.
833 2568 992 2616 Quare
1020 2567 1068 2613 id
1091 2581 1279 2629 quoque
1306 2563 1486 2626 judicio
1508 2566 1756 2613 consecuti
1779 2582 1859 2611 su-

131 2644 358 2684 musenoS,
393 2631 590 2693 propius
623 2633 679 2679 ad
716 2641 932 2680 naturam
966 2633 1171 2696 partium
1194 2645 1494 2678 accessurum
1528 2628 1670 2677 fuisse
1705 2640 1861 2679 totum

135 2710 343 2749 versum,
366 2696 403 2741 si
429 2695 613 2744 iambus
636 2697 910 2760 imparibus,
935 2697 1171 2745 trochaeus
1191 2695 1385 2759 paribus
1409 2694 1598 2741 sedibus
1615 2698 1861 2743 constituti

58 2807 74 2817 ,
133 2759 347 2807 fuissent.
414 2761 559 2823 Cujus
580 2764 650 2809 rei
670 2764 958 2826 exemplum,
981 2762 1206 2825 quoniam
1229 2776 1303 2808 res
1324 2769 1394 2806 est
1418 2760 1574 2807 mimis
1606 2762 1795 2822 usitata,
1829 2764 1858 2810 ἐ

134 2826 307 2873 nostris
329 2827 579 2888 poematiis
602 2829 903 2890 subjiciemus
929 2843 1073 2875 unum
1097 2843 1160 2875 ex
1182 2825 1426 2874 iambicis:

265 2893 411 2939 Malis
419 2894 615 2951 fortuna
640 2894 1113 2957 Cornucopiaefundz't.

199 2955 422 3004 Alterum
445 2973 508 3004 ex
532 2959 812 3008 trochaicis:
1136 2989 1138 2991 >

265 3021 320 3069 Sz·
333 3023 522 3083 plaudit
543 3026 676 3071 malis
683 3028 892 3083 fortuna,
921 3025 1031 3088 quid
1034 3023 1177 3088 justis
1187 3025 1246 3084 fit
1264 3025 1288 3069 ἒ

165 3149 175 3159 .
201 3085 295 3135 Qui
319 3087 473 3134 flexus
489 3102 788 3138 numerorum
815 3092 850 3138 si
875 3092 949 3138 cui
966 3088 1196 3138 absurdus
1213 3088 1414 3146 videtur,
1440 3090 1478 3136 is
1492 3088 1761 3139 meminerit
1778 3106 1861 3139 au-

139 3160 260 3198 rium
278 3154 668 3202 consuetudinem
685 3156 941 3204 violentam
959 3172 1061 3203 esse
1081 3172 1095 3214 ;
1131 3152 1346 3218 novaque
1369 3165 1511 3219 atque
1529 3157 1749 3203 inusitata
1766 3173 1864 3210 non

136 3225 234 3262 tam
259 3232 446 3280 semper
485 3220 722 3275 admirari.
745 3222 885 3284 quam
918 3237 1047 3284 saepe
1070 3236 1306 3284 respuere.
1373 3220 1550 3270 Verdm
1572 3237 1864 3285 magnopere

138 3278 300 3354 nostra
323 3280 529 3338 interest,
551 3287 630 3348 qui
654 3288 808 3347 quoad
835 3288 943 3333 licet
964 3285 1233 3333 Aristotelis
1253 3286 1478 3350 exemplo
1506 3303 1662 3334 rerum
1699 3302 1866 3335 causas

141 3355 444 3408 vestigamuS,
477 3352 632 3397 venari
670 3352 1157 3415 rationemspropter
1183 3366 1332 3415 quam
1365 3352 1475 3400 cum
1510 3353 1682 3398 iambo
1701 3351 1863 3398 sedem

75 3453 82 3456 .
138 3411 430 3473 assignarent
453 3411 609 3475 prisci,
635 3417 885 3464 maluerint
907 3419 1044 3482 pares
1067 3417 1285 3464 retinere.
1341 3417 1467 3465 Nam
1490 3418 1526 3462 si
1551 3417 1599 3462 iu
1622 3416 1865 3480 dactylico

139 3476 322 3523 senario
346 3491 442 3523 una
463 3479 646 3527 tantum
669 3483 782 3529 satis
804 3483 906 3538 fuit,
929 3483 1094 3546 quinta
1115 3482 1324 3531 scilicet:
1362 3483 1459 3528 sive
1495 3481 1576 3528 ille
1610 3479 1701 3528 fuit
1720 3497 1866 3545 spon·

138 3539 315 3612 daicus,
347 3557 439 3588 una
461 3543 572 3590 item
598 3544 688 3593 fuit
708 3547 834 3603 satis,
858 3549 1036 3611 quippe
1057 3555 1218 3594 sexta:
1246 3561 1389 3609 quare
1408 3545 1620 3593 trochaeo
1642 3546 1864 3608 impares,

139 3604 253 3659 alias
276 3606 435 3655 iambo
457 3609 774 3661 constituere?
809 3628 923 3662 narn
955 3614 1046 3662 hoc
1079 3610 1191 3660 sane
1226 3620 1402 3678 praeter
1431 3622 1650 3665 naturam
1685 3612 1865 3661 factum

2056 183 2196 237 lxxix
