2352 3952
1011 186 1563 245 PROLEGOMENA

980 355 1149 405 Aeros
1170 355 1256 408 IV.
1324 357 1484 410 Sonuit
1507 359 1592 410 lv.

435 487 570 536 Dicis
595 487 722 551 quod
748 483 859 533 mali
882 489 968 542 est,
993 483 1088 532 &c-
1157 483 1450 532 Menander.-

798 549 922 599 Λέγεις
938 549 995 589 ἀεὶ
1008 549 1052 588 ‘ri
1065 551 1207 595 λυποῦν,

435 606 549 645 Μηδὲν
561 602 860 656 ἀντιπαςαᾷιθιὶς
877 603 946 641 τῶν
964 602 1268 656 ποοσλιγομένων.

437 660 646 722 Semper,
671 659 799 722 quod
823 673 1070 705 moerorem
1093 659 1242 715 affert,
1267 674 1442 715 narras,
1465 656 1584 704 nihil
1614 673 1795 706 eorum
1812 657 1986 705 addens
2021 644 2146 720 quocl

635 743 693 774 ex
717 726 960 774 adversum
985 724 1208 789 alloquiis
1231 725 1291 772 sit
1314 725 1555 772 idoneum.

825 915 842 948 ³
910 912 970 978 E
1001 913 1060 976 V
1091 913 1154 978 A
1190 911 1263 978 Ν
1297 914 1356 980 Τ
1389 905 1456 978 Η
1491 913 1522 978 I
1558 912 1619 977 U
1653 912 1693 977 S

756 1062 858 1117 DE
893 1063 1297 1118 TRAGOEDIA
1332 1065 1428 1117 ET
1465 1062 1846 1118 coMOEmA.

446 1175 555 1227 Qaae
589 1173 660 1220 hic
691 1175 745 1221 de
771 1173 1015 1236 Tragoedici.
1041 1186 1083 1223 et
1116 1175 1341 1224 Comoedid
1371 1179 1634 1235 referuntur,
1669 1193 1724 1223 ea
1756 1193 1859 1230 non,
1891 1186 1940 1222 ut
1970 1176 2072 1228 alii,
2101 1190 2156 1223 ex

505 1238 730 1293 Cornuto,
767 1241 839 1286 vel
871 1241 1056 1303 Aspero
1095 1241 1336 1306 desumpta,
1376 1243 1454 1290 sed
1488 1259 1541 1289 ex
1584 1241 1800 1290 Evanthii
1843 1243 2156 1288 commentario

504 1306 553 1351 in
590 1305 863 1352 Terentium
898 1309 1063 1354 selecta
1100 1323 1192 1353 esse
1226 1307 1433 1355 arbitror.
1510 1308 1751 1372 Ejusceque
1781 1309 1848 1354 rei
1882 1307 2157 1352 evidentissi-

504 1386 619 1416 mum
650 1381 948 1432 argumentum
982 1381 1060 1427 est,
1101 1371 1222 1436 quod
1251 1375 1328 1420 sub
1366 1373 1444 1435 hu
1444 1390 1495 1420 us
1526 1373 1813 1420 eruditissimi
1859 1371 2160 1418 Grammatici

504 1437 677 1482 nomine
714 1442 867 1499 (quem
899 1437 1056 1484 iisdem
1087 1453 1184 1485 cum
1221 1439 1404 1485 Donato
1410 1391 1713 1500 ytemporibus,
1751 1438 1832 1484 hoc
1869 1447 1949 1495 est,
1988 1437 2043 1482 Ol
2034 1450 2157 1500 ymp.

506 1503 618 1548 285.
680 1512 888 1564 regnante
917 1501 1192 1552 Constantio
1217 1505 1289 1563 fil.
1321 1502 1635 1557 Constantini,
1673 1501 1722 1549 C.
1759 1503 1814 1549 P.
1827 1454 2068 1565 floruissey
2073 1517 2156 1546 no·
2201 1506 2210 1523 ⁸

507 1575 572 1612 tut
627 1565 968 1630 Hieronymus)
1025 1568 1119 1614 Izoec
1169 1567 1305 1615 verba
1356 1567 1541 1626 adferat
1593 1567 1788 1614 Rufinus
1851 1567 2162 1616 Antiochensis

512 1630 839 1680 Grammaticus
870 1632 946 1679 lib.
979 1631 1034 1679 de
1061 1634 1212 1680 metris
1248 1633 1553 1683 Terentianz‘s:
1589 1632 1834 1680 Concinna
1865 1639 2159 1695 argumento,

508 1697 845 1744 consuetudine
888 1713 1112 1761 congrua,
1164 1697 1292 1746 utilis
1332 1698 1591 1752 sententiis,
1637 1706 1774 1761 grata
1811 1697 2003 1751 salibus,
2051 1704 2165 1760 apta

507 1770 672 1808 metro.
739 1761 802 1808 Et
833 1773 996 1825 postea
1029 1764 1127 1809 sic.-
1175 1762 1372 1810 Veteres
1407 1765 1497 1810 etsi
1534 1765 1602 1809 usi
1637 1762 1726 1826 ipsi
1758 1778 1945 1825 quoque
1980 1761 2161 1814 metris,

505 1828 599 1938 gre.
603 1892 631 1938 b
669 1828 775 1874 Ωιιιε
795 1829 1016 1889 ipsissima
1047 1829 1096 1875 in
1128 1828 1246 1875 hisce
1267 1829 1591 1893 prolegomenis
1621 1844 1734 1875 nunc
1772 1830 1987 1892 leguntur.
2055 1818 2167 1874 Lin-

539 1908 598 1939 en
636 1892 807 1956 regius.

512 2038 746 2086 luminu
771 2037 1032 2102 Tragoediae
1060 2045 1110 2087 et
1132 2038 1393 2088 Comoediae
1426 2039 1458 2089 a
1492 2041 1630 2089 rebus
1664 2038 1831 2087 divinis
1864 2048 1934 2088 est
1966 2037 2164 2088 inchoa·

446 2112 580 2154 tum:
641 2105 812 2182 quibus
861 2122 951 2181 pro
993 2106 1227 2154 fructibus
1276 2117 1387 2155 vota
1423 2108 1656 2156 solventes
1690 2108 2009 2170 operabantur
2041 2106 2165 2154 anti·

446 2173 547 2235 qui.
616 2172 742 2219 Nam
775 2173 979 2220 incensis
1004 2173 1109 2235 jam
1143 2174 1390 2232 altaribus,
1425 2183 1473 2222 et
1503 2175 1697 2222 admoto
1737 2174 1889 2232 hirco,
1931 2174 1979 2220 id
2018 2188 2165 2237 genus

446 2238 685 2296 carminis,
723 2241 852 2302 quod
891 2255 1027 2288 sacer
1065 2240 1242 2289 chorus
1275 2241 1505 2290 reddebat
1539 2241 1709 2289 Libero
1734 2241 1874 2303 patri,
1907 2240 2165 2304 Tragoedia

445 2306 712 2364 dicebatur,
735 2303 826 2355 αἶπὸ
848 2305 929 2355 τοῦ
951 2307 1128 2372 τράγου
1153 2306 1230 2355 καὶ
1252 2311 1331 2369 τῆς
1354 2305 1484 2375 ὠδῆς,
1510 2308 1605 2357 hoc
1634 2316 1720 2365 est,
1751 2309 1811 2355 ab
1848 2308 1999 2364 hirc0,
2032 2307 2166 2354 hoste

443 2374 707 2430 vinearum,
743 2383 790 2420 et
822 2378 848 2419 a
882 2371 1133 2422 cantilena.
1201 2375 1318 2435 Ejus
1353 2375 1499 2438 ipsius
1534 2375 1601 2422 rei
1634 2374 1765 2438 apud
1795 2374 2030 2436 Virgilium
2064 2373 2168 2436 ple·

446 2457 510 2488 na
542 2441 596 2487 fit
630 2440 836 2487 mentio:
874 2440 946 2487 vel
982 2439 1112 2503 quod
1148 2440 1281 2488 hirco
1317 2442 1588 2490 donabatur
1609 2441 1709 2503 ejus
1744 2440 1968 2488 carminis
1991 2439 2166 2496 Po'eta3

444 2507 519 2554 vel
555 2506 684 2570 quod
718 2516 825 2554 uter
857 2506 962 2569 ejus
1003 2508 1145 2563 musti
1185 2508 1351 2572 plenus
1385 2509 1574 2556 solenne
1606 2507 1854 2572 praemium
1891 2506 2166 2554 cantoribus

445 2575 630 2630 fuerat3
690 2573 762 2620 vel
810 2573 942 2636 quod
993 2590 1079 2620 ora
1129 2590 1218 2624 sua
1268 2575 1467 2624 faecibus
1498 2575 1796 2639 perlinebant
1827 2574 2021 2632 scenici,
2056 2582 2170 2621 ante

446 2656 587 2691 usum
621 2656 929 2719 personarum
963 2641 1025 2689 ab
1064 2639 1279 2706 AEsclcylo
1328 2651 1582 2708 repertum.
1651 2643 1805 2690 Faeces
1839 2639 1964 2688 enim
2001 2640 2169 2688 dicun-

370 2751 374 2765 ,
447 2716 527 2756 tur
562 2701 738 2757 Graece
770 2703 953 2773 τρύγες.
1025 2707 1087 2755 Et
1109 2707 1181 2755 his
1201 2708 1395 2771 quidem
1419 2710 1573 2758 causis
1602 2709 1872 2772 Tragoediae
1897 2723 2066 2755 nomen
2099 2717 2170 2754 est

446 2774 728 2823 inventum.
788 2775 857 2820 At
891 2773 1005 2822 vero
1039 2775 1252 2826 nondum
1288 2777 1468 2825 coactis
1500 2777 1551 2824 in
1587 2778 1754 2824 urbem
1788 2772 2170 2832 Atheniensibus,

450 2842 563 2890 cum
600 2840 811 2906 Apollini
848 2841 1043 2899 Nomio,
1089 2842 1162 2888 vel
1209 2842 1462 2909 ΑΡΤΑΘῷ
1504 2843 1552 2891 id
1587 2853 1674 2900 est,
1707 2854 1948 2906 pastorum
1993 2841 2171 2888 vicino·

451 2925 654 2984 rumque
687 2907 878 2972 praesidi
894 2908 1037 2983 ’Deo‚
1071 2911 1353 2958 constructis
1387 2910 1481 2958 aris
1530 2910 1578 2956 in
1628 2910 1856 2957 honorem
1898 2907 2066 2955 divinae
2102 2907 2169 2955 rei

451 2977 635 3023 circum
660 2975 837 3022 Atticae
861 2973 1005 3035 vicos,
1037 2975 1191 3034 villas,
1227 2992 1389 3040 pagos,
1422 2985 1470 3024 et
1509 2977 1742 3054 compita,
1769 2977 1941 3023 festum
1980 2989 2170 3021 carmen

451 3042 706 3090 solenniter
729 3049 1003 3090 cantarent:
1046 3050 1152 3090 orta
1173 3051 1246 3090 est
1267 3043 1520 3091 Comoedia
1550 3038 1643 3090 α’πὸ
1677 3042 1765 3087 τῶν
1798 3058 1965 3107 κωμων
1988 3038 2065 3088 καὶ
2089 3041 2171 3102 τῆς

451 3107 564 3175 ᾠδῆς
580 3109 847 3184 composito
867 3110 1076 3168 nomine,
1094 3110 1167 3157 vel
1189 3102 1281 3158 α’πὸ
1299 3111 1381 3158 τοῦ
1394 3109 1622 3175 κωμάζειν
1645 3125 1722 3155 και
1743 3106 1874 3165 ᾅδειν,
1896 3122 1943 3171 q.
1968 3124 2010 3156 e.
2035 3122 2170 3154 com-

452 3184 711 3223 messatum
745 3176 814 3221 ire
854 3184 1134 3233 cantantes3
1154 3176 1297 3239 quod
1338 3175 1367 3224 a
1400 3176 1557 3226 Poetis
1597 3175 1776 3222 solenni
1809 3175 1903 3230 die,
1942 3174 2014 3221 vel
2043 3189 2172 3220 ama-

453 3242 572 3289 torie
596 3242 949 3290 lascivientibus
986 3244 1143 3291 choris
1180 3244 1390 3302 comicis,
1422 3259 1518 3291 non
1554 3242 1814 3290 absuidum
1847 3250 1934 3288 est.
1999 3241 2170 3304 Itaque

451 3319 507 3357 ut
541 3326 716 3367 rerum,
750 3308 819 3356 ita
863 3309 1009 3356 etiam
1056 3319 1327 3372 temporum
1373 3311 1474 3373 ipso
1509 3317 1666 3372 coepto
1701 3308 1881 3365 ordine,
1914 3307 2173 3370 Tragoedia

452 3374 606 3439 primo
641 3376 828 3439 prolata
860 3392 957 3424 esse
991 3376 1308 3439 cognoscitur.
1380 3377 1509 3426 Nam
1560 3385 1616 3423 ut
1661 3377 1722 3422 ab
1757 3374 1946 3421 incultis
1979 3385 2026 3422 et
2059 3374 2171 3421 seris

452 3443 666 3490 moribus
701 3442 932 3505 paulatim
967 3454 1241 3506 perventum
1276 3452 1345 3491 est
1379 3444 1439 3491 ad
1475 3442 1904 3498 mansuetudinem,
1938 3442 2171 3503 urbesque

453 3520 563 3557 sunt
585 3509 810 3567 conditae,
829 3518 876 3557 et
898 3510 996 3557 vita
1019 3509 1178 3557 mitior
1193 3520 1337 3573 atque
1361 3510 1558 3558 otiosior
1578 3509 1834 3573 processit:
1869 3509 1935 3555 ita
1960 3523 2030 3555 res
2052 3508 2173 3554 Tra-

452 3577 574 3639 gicae
611 3576 748 3639 longe
770 3585 880 3624 ante
905 3577 1125 3625 Comicus
1158 3576 1372 3624 inventae.
1442 3575 1674 3632 Quamvis
1710 3585 1867 3623 autem
1892 3584 2021 3621 retro
2053 3572 2173 3637 pris·

452 3658 516 3694 ca
554 3642 850 3693 volventibus
889 3643 1154 3709 reperiatur
1199 3642 1379 3707 Thespis
1414 3643 1681 3709 Tragoediae
1722 3642 1905 3707 primus
1935 3641 2168 3688 inventor.
