2340 3964
724 157 729 163 -
762 70 1246 202 mensumn.

36 277 39 287 ¹
97 307 102 314 κ
138 269 231 323 bus
262 270 560 338 interpositi&
586 279 683 320 tum
709 271 913 337 denique
946 284 995 319 se
1029 271 1086 319 ad
1107 287 1171 320 ea
1190 270 1351 336 quaea
1383 268 1519 320 nobis
1543 270 1672 320 dicta
1704 282 1859 332 erunt,

133 354 442 404 responsuros
463 355 563 394 esse
599 339 901 388 arbitrantur.
972 338 1185 386 Quorum
1216 338 1398 385 dierum
1430 338 1468 384 si
1502 338 1606 401 quis
1626 339 1860 389 rationem

124 400 384 459 subducat,
409 413 458 462 et
473 407 561 457 sub
580 403 764 453 initium
780 403 1046 466 Septembi
1036 422 1071 460 rs
1089 404 1258 452 cadere
1273 403 1406 451 ludos
1424 401 1676 465 RomanOS,
1696 413 1745 452 et
1761 421 1862 462 non,

138 479 252 533 amp
247 469 344 517 lius
366 474 536 517 novem
554 470 657 517 dies
674 468 865 516 durasse
887 469 1240 533 deprehendet·
1267 469 1354 516 de
1343 469 1401 515 iis
1415 467 1536 516 ludis
1547 469 1800 517 Romanis
1791 479 1861 518 lta

138 487 307 586 ,Cicero
331 535 451 582 libro
473 535 637 598 quinto
659 535 708 581 in
729 535 956 582 Verrem:
994 536 1135 589 Nunc
1160 551 1261 580 sum
1288 534 1559 597 designatus
1583 535 1750 590 aedilis,
1774 531 1862 583 ha-

136 599 228 648 beo
246 602 473 656 rationem
500 600 656 663 quid
636 617 664 647 a
686 601 862 663 populo
886 594 1102 646 Romano
1124 600 1406 662 acceperim,
1391 573 1545 645 c’mihi
1570 600 1702 648 ludos
1720 618 1859 649 sanc-

133 666 336 723 tissimus
358 666 484 713 maxi
491 682 568 711 ma
591 683 698 713 cum
731 664 1000 712 ceremonia
1034 664 1208 718 Cereri,
1247 665 1449 718 Liberae,
1487 665 1773 729 Libet-oque
1784 666 1857 714 fa-

115 729 344 784 ¹ciendos,
370 730 485 779 mihi
509 731 696 778 Floram
721 741 919 777 matrem
938 730 1115 792 populo
1135 729 1360 792 plebique
1379 728 1624 783 Romanae,
1641 731 1858 780 ludorum

135 792 415 870 celebritate
439 797 738 871 placandam,
774 796 891 842 mihi
917 793 1047 844 ludos
1079 794 1441 856 antiquissimos»,
1480 794 1559 857 qui
1594 796 1731 856 primi
1757 797 1857 844 Ro-

134 862 262 908 mani
281 871 391 908 sunt
411 863 582 924 appell
576 863 656 916 iti,
679 857 889 913 maxima
911 875 1020 906 cum
1043 859 1276 918 dignitate
1297 871 1353 905 ac
1370 859 1605 926 religione
1625 860 1749 916 Jovi,
1767 862 1857 908 Ju-

131 927 262 978 noni,
282 928 616 989 Minervaeque
638 941 736 973 esse
754 924 1014 979 faciundos‚
1036 925 1152 971 mihi
1171 940 1406 972 sacrarum
1432 924 1604 971 aedium
1631 942 1859 987 procura-

133 992 328 1051 tionem,
359 995 447 1040 &c.
512 993 618 1040 Quo
641 991 744 1037 loco
776 989 1083 1053 Megalenses
1106 990 1239 1037 ludos
1262 1006 1358 1036 non
1382 991 1630 1044 omisisset,
1650 1008 1765 1054 quos
1787 1009 1856 1039 ae-

131 1055 251 1107 diles
274 1058 460 1105 summa
482 1057 708 1120 religione
733 1063 781 1101 et
797 1053 1030 1117 dignitate
1052 1055 1311 1110 faciebant,
1333 1055 1422 1101 nisi
1446 1055 1587 1102 iidem
1612 1066 1660 1102 et
1684 1058 1860 1121 Mega-

130 1121 286 1173 lenses
307 1123 401 1170 ludi
419 1122 614 1168 fuissent
631 1128 679 1167 et
695 1120 912 1168 Romani.
963 1119 1072 1169 Hac
1092 1131 1250 1168 tamen
1268 1119 1367 1168 tota
1389 1120 1448 1168 de
1467 1137 1517 1168 re
1537 1132 1857 1171 asseveranter

132 1187 316 1237 dictum
338 1187 454 1245 nihil
472 1187 630 1234 velim.

143 1361 146 1363 “
141 1346 330 1442 Ι)Ε
371 1352 635 1419 rrmus
682 1312 1053 1472 PAmeos
1101 1350 1211 1416 ET
1255 1347 1768 1419 IMPARIBUS.

136 1555 140 1566 ,-
191 1520 387 1568 Cnonos
410 1519 470 1567 ad
494 1519 849 1593 distinguendos
884 1527 1016 1566 actus
1040 1518 1338 1566 adhibebant
1365 1518 1526 1566 Graeci
1559 1524 1728 1581 poetae,
1758 1513 1850 1569 La-

125 1586 214 1639 tini
238 1587 376 1633 tibias
410 1586 683 1639 adhibuere,
708 1602 754 1630 m
780 1585 910 1647 gravi
934 1583 1171 1641 comoedia
1194 1583 1398 1638 dextras,
1424 1585 1472 1630 in
1495 1586 1588 1632 levi
1609 1586 1852 1645 sinistras;

125 1667 272 1716 quare
297 1667 489 1714 gravem
511 1667 676 1697 sonum
695 1650 892 1704 dextrae‚
916 1664 1106 1696 acutum
1127 1649 1323 1695 sinistrae
1345 1651 1644 1704 emittebant,
1665 1664 1717 1697 ut
1733 1667 1856 1700 sono

128 1716 376 1766 comoediae
398 1716 472 1762 vel
498 1716 678 1764 levitati
706 1716 782 1762 vel
817 1714 1038 1778 gravitati
1062 1713 1416 1777 responderent.
1477 1714 1615 1762 Quod
1641 1725 1691 1762 ut
1710 1715 1850 1763 fieret

126 1780 434 1835 commodius,
469 1776 672 1843 impares
707 1779 890 1826 fiebant
926 1778 1127 1835 dextrae,
1168 1779 1259 1826 hoc
1295 1791 1402 1834 est,
1420 1780 1560 1826 unico
1588 1778 1850 1836 foramine.

124 1848 326 1897 sinistrae
359 1862 495 1909 pares
516 1855 564 1892 et
586 1846 803 1908 geminae,
826 1853 879 1891 ut
908 1860 1019 1892 cum
1044 1845 1241 1892 duobus
1261 1843 1568 1892 foraminibus
1591 1845 1742 1893 exiret
1770 1863 1847 1892 so·-

91 1935 97 1940 ·
121 1927 227 1967 nm,
250 1912 512 1965 distractus,
535 1919 584 1957 et
605 1910 830 1958 dissectus
851 1911 1032 1957 acutior
1051 1910 1121 1964 ad·
1131 1926 1266 1957 aures
1282 1911 1561 1973 pelveniret.
1611 1910 1846 1960 Adhiberi

124 1986 338 2042 utreque
355 1977 585 2030 solebant,
609 1976 719 2024 cum
744 1975 895 2023 mixta
917 1975 942 2022 ὲ
967 1991 1140 2039 genere
1161 1984 1360 2039 utroque
1385 1985 1487 2023 erat
1508 1976 1759 2026 comoedia.

477 2165 948 2230 ANTONIUS
995 2130 1485 2229 GOVEANUS

527 2331 621 2379 EX
654 2329 1117 2380 INSCRIPTIONE
1149 2329 1436 2378 ANDRIAE.

474 2471 607 2524 Mihi
625 2478 693 2524 sic
712 2476 953 2539 inscriptio
973 2475 1063 2523 haec
1084 2474 1259 2522 videtur
1280 2473 1467 2539 legenda
1484 2491 1500 2520 .-

127 2584 388 2632 ANtnuA
432 2578 656 2631 Terentii.
722 2585 845 2632 Acta
877 2582 1001 2630 ludis
1039 2582 1399 2663 Megalensibus
1432 2582 1505 2630 M.
1545 2582 1725 2659 Fulvio,
1763 2580 1837 2631 Μ.

120 2649 396 2704 Glabrione,
431 2649 665 2696 AEdilibus
694 2648 962 2695 Curulibus.
1029 2646 1186 2711 Egere
1212 2647 1265 2694 L.
1291 2648 1544 2695 Ambivius
1565 2648 1760 2712 Turpio,
1782 2650 1843 2698 L.

119 2716 310 2764 Attilius
331 2714 661 2762 Praenestinus.
734 2712 905 2760 Modos
929 2712 1045 2760 fecit
1079 2711 1244 2761 Claud.
1272 2713 1481 2769 Flaccus,
1508 2713 1674 2762 Claud.
1667 2667 1843 2770 pfilius,

114 2781 248 2828 tibiis
281 2781 470 2844 paribus
505 2787 552 2826 et
588 2778 864 2842 imparibus,
900 2779 990 2825 hoc
1020 2786 1104 2833 est,
1139 2778 1336 2824 sinistris
1374 2787 1421 2824 et
1453 2778 1647 2827 dextriS.
1715 2779 1844 2828 Tota

116 2845 290 2893 Graeca
310 2856 381 2892 est
405 2845 732 2892 Menandrou:
771 2843 897 2891 edita
920 2843 992 2890 M.
1014 2843 1264 2897 MarcelIO,
1283 2843 1371 2889 Cn:
1392 2844 1592 2906 Sulpitio
1610 2845 1739 2892 Coss.

180 2911 256 2958 Ex
274 2912 382 2959 Act.
401 2912 440 2958 1.
462 2926 588 2960 scen.
608 2911 646 2957 Ι.
681 2910 792 2963 Ιηιό,
813 2909 937 2985 apud
958 2910 1083 2955 hunc
1103 2909 1346 2954 authorem
1366 2909 1522 2972 priore
1540 2918 1589 2958 et
1605 2909 1838 2974 producta

114 2983 164 3023 et
186 2975 317 3024 brevi
338 2977 538 3054 reperio.
603 2974 743 3023 Unde
760 2975 899 3021 venio
922 2975 971 3021 in
989 2974 1258 3037 opinionem
1282 2974 1423 3022 scribi
1447 2975 1619 3024 debere
1643 2975 1836 3039 gemino

110 3057 169 3096 m,
190 3040 472 3106 alteriusque
495 3041 787 3088 detractione
811 3040 982 3102 corripi
1005 3055 1140 3102 posse
1159 3055 1376 3102 priorem.
1409 3039 1472 3087 Et
1488 3057 1613 3088 scen.
1638 3042 1703 3088 ΙΙ.
1724 3041 1836 3088 Cir-

113 3108 308 3153 cuitione
326 3107 719 3170 pentasyllabum.
778 3106 842 3152 Et
859 3122 984 3152 scen.
1006 3106 1063 3153 V.
1088 3105 1159 3152 Ne
1178 3105 1242 3151 ad
1261 3104 1457 3151 morbum
1476 3107 1559 3154 hoc
1575 3108 1727 3153 etiam.
1760 3105 1833 3154 Μ

114 3173 276 3234 tenea]
311 3171 486 3220 Versus
506 3172 581 3218 hic
602 3172 762 3218 finitur
779 3186 935 3218 scenae
960 3170 1194 3234 sequentis
1215 3169 1362 3216 initio.
1398 3171 1471 3217 Ex
1495 3171 1685 3218 Act.11.
1708 3185 1839 3219 scen.

111 3235 152 3281 1.
189 3237 313 3283 Quid
336 3239 404 3283 ait
427 3237 627 3300 Byrrhia
638 3238 693 3299 θ’]
722 3237 848 3283 Finis
868 3236 1182 3311 praecedentis
1195 3234 1371 3283 versfis.
1403 3236 1466 3283 Et
1489 3251 1617 3284 scen.
1639 3236 1700 3282 II.
1735 3236 1835 3281 No·

110 3307 215 3347 tatu
235 3301 433 3364 dignum
450 3303 496 3349 id
523 3303 700 3366 putavi,
725 3300 882 3363 quod
871 3317 919 3348 m
942 3302 1038 3355 illo,
1061 3301 1214 3348 Etiam
1225 3313 1412 3362 puerum
1434 3302 1539 3348 inde
1562 3302 1710 3347 abiens
1726 3314 1835 3345 con·

53 3383 58 3388 ·
111 3366 214 3412 veni
243 3365 448 3421 Chremes,
476 3367 627 3421 Olera,
645 3377 688 3413 et
708 3368 947 3430 pisciculos
967 3369 1297 3424 minutosfirre
1318 3365 1447 3413 obolo
1470 3383 1517 3412 m
1540 3381 1703 3412 coenam
1725 3365 1834 3413 seni.

117 3428 310 3477 Conveni
332 3446 418 3494 pro
440 3434 602 3486 inveni,
624 3440 674 3478 et
696 3433 878 3479 occurri
900 3433 1113 3480 sumitur.
1183 3430 1367 3478 Eodem
1395 3430 1538 3476 modo
1561 3429 1760 3476 sumitur
1783 3430 1836 3486 in

111 3495 195 3542 illo
219 3495 432 3542 Eunuchi
456 3495 564 3543 Act.
601 3497 660 3544 ΙΙ.
686 3512 813 3545 scen.
846 3497 910 3544 11.
964 3495 1158 3544 Conveni
1190 3487 1323 3543 hodie
1352 3495 1611 3541 adveniens
1618 3495 1837 3558 quendam

110 3562 202 3608 mai*
215 3561 314 3610 loci*
328 3561 430 3609 hine
449 3572 580 3626 atque
600 3561 802 3610 ordinis.-
826 3561 953 3627 quod
976 3578 1074 3610 non
1094 3562 1308 3611 visus-est
1324 3559 1538 3614 Donatus
1555 3560 1836 3626 intelligere,

1223 3640 1249 3670 e
