2314 3944
1103 137 1201 198 117

475 334 912 444 'ACTUS
983 371 1083 440 11.
1154 368 1586 474 *SCENA
1657 369 1800 441 111.

467 579 712 636 SYRUS.
786 532 1078 633 nRoMO.
1149 575 1411 632 CLINIA.
1487 575 1849 633 CLITIPHO.

98 727 101 729 ’
129 727 215 796 Sy.
249 723 378 777 ΜΝ)
400 723 492 775 tu?
530 723 631 776 Dr.
655 722 729 775 sic
753 729 840 775 est.
881 719 966 792 Sy.
1002 719 1178 772 verum
1206 717 1398 771 interea
1433 717 1556 770 dum

270 813 523 849 sermones
547 794 806 858 caedimuS,

127 867 241 920 111ae
280 876 398 919 sunt
428 866 638 919 relictae.
716 865 808 918 Cli.
845 860 1032 916 mulier
1064 860 1159 913 tibi
1191 860 1346 926 adest,
1382 859 1554 914 audin'

274 937 480 991 Clinia?

133 1006 212 1061 Cl.
246 1008 364 1078 Ego
397 1009 517 1067 vero
538 1007 689 1061 audio
712 1023 850 1059 nunc
874 1005 1099 1070 demum,
1122 1012 1175 1055 et
1195 1001 1358 1067 vide0,
1394 1011 1446 1054 et
1468 1019 1555 1054 va-

269 1082 366 1146 len,
385 1080 640 1150 Clitipho.»
1494 1144 1506 1156 ·

124 1151 229 1208 Dr,
268 1151 492 1206 Minime
516 1151 736 1202 mirum:
773 1146 899 1200 adeo
926 1145 1185 1216 impeditae
1209 1154 1354 1197 sunt:
1393 1145 1555 1197 aness-

267 1223 430 1275 larum
453 1239 660 1292 gregem
1230 1253 1233 1255 -

124 1293 342 1348 Ducunt
363 1310 553 1346 secum.
597 1292 671 1344 Cl.
699 1289 826 1361 perii
835 1309 852 1356 3
889 1289 1025 1342 unde
1049 1287 1127 1340 illi
1158 1297 1275 1340 sunt
1314 1285 1550 1340 ancillae?

270 1362 372 1418 Cli.
408 1363 545 1416 men’
568 1364 740 1432 rogas?
1519 1363 1550 1409 5

125 1435 214 1507 Sy.
250 1433 372 1488 Non
413 1434 636 1504 oportuit
685 1433 917 1487 relictas:
969 1440 1172 1501 portant
1207 1429 1330 1501 quid
1365 1447 1552 1482 rerum.

270 1506 347 1560 Cl.
381 1505 469 1559 hei
493 1505 645 1558 mihi!
1452 1543 1455 1548 .

125 1571 214 1647 Sy.
249 1579 467 1641 Aurum,
489 1586 716 1629 vestem:
753 1583 806 1626 et
836 1572 1150 1644 vesperascit,
1175 1582 1227 1625 et
1262 1591 1366 1626 non
1400 1591 1553 1625 nove-

230 1698 236 1704 ,
265 1659 384 1701 runt
405 1648 559 1700 viam.

122 1719 339 1775 Factum
381 1723 412 1771 ὲ
445 1720 588 1772 nobis
627 1718 778 1770 stulte
815 1724 923 1771 est:
960 1715 1044 1768 abi
1066 1715 1189 1769 dum
1225 1725 1298 1780 tu,
1334 1714 1551 1783 Drom0,

263 1791 363 1844 illis
382 1792 605 1843 obviem.

44 1855 58 1861 ⁸
123 1861 373 1933 Propera:
409 1862 533 1932 quid
556 1861 688 1914 stas?
732 1859 806 1914 C‘l.
843 1877 922 1914 vae
958 1857 1143 1912 misero
1178 1857 1326 1925 mihi,
1363 1861 1550 1930 quanta

263 1934 328 1985 de
351 1931 658 2003 spetdecidi!
682 1949 685 1951 “
1445 1971 1447 1973 -

125 2004 221 2058 Cli.
248 2004 397 2066 ‘Quid
420 2005 589 2058 istuc?
627 2020 743 2074 quae
767 2020 844 2055 res
873 2011 925 2055 te
957 2000 1194 2055 sollicitat
1217 2003 1424 2054 autem?
1469 2000 1546 2055 Οἱ.

262 2076 444 2145 rogitas
468 2075 589 2145 quid
607 2075 734 2128 siet?
1355 2138 1358 2141 Δ
1484 2081 1551 2126 10

119 2145 300 2199 Viden'
320 2147 411 2199 tu?
449 2146 674 2212 ancillaS,
691 2163 890 2212 aurum,
908 2153 1115 2211 vestem,
1134 2161 1287 2214 quam
1306 2162 1402 2214 ego
1426 2162 1546 2198 cum

264 2221 368 2270 una
388 2218 631 2270 ancillula

122 2287 231 2343 Hic
272 2288 484 2358 reliqui:
539 2288 676 2341 unde
718 2305 822 2341 esse
853 2287 1063 2341 censes?
1108 2283 1203 2340 Cli.
1241 2286 1368 2338 vah!
1406 2305 1547 2341 nunc

264 2359 473 2412 demum
496 2359 740 2429 intelligo.
1221 2357 1399 2428 [pient,
1421 2360 1544 2414 scio.

122 2430 212 2501 Sy.
247 2429 322 2482 Di
343 2429 482 2495 boni,
505 2430 628 2500 quid
661 2432 821 2484 turbae
845 2431 950 2483 est?
989 2429 1122 2482 aedes
1145 2440 1327 2482 nostrae
1349 2431 1435 2482 vix
1458 2448 1543 2484 ca-

120 2501 264 2559 Quid
288 2501 583 2554 comedent?
622 2502 744 2573 quid
764 2502 1001 2555 ebibent?
1029 2501 1150 2572 quid
1172 2518 1290 2552 sene
1314 2501 1410 2554 erit
1427 2520 1543 2555 nos-

261 2580 341 2623 tro
363 2571 621 2625 miserius?

119 2641 224 2696 Sed
240 2642 387 2695 video
421 2661 586 2709 eccos„
610 2661 732 2714 quos
753 2643 1001 2698 volebam.
1044 2642 1119 2698 CC,
1140 2643 1174 2695 ὀ
1190 2642 1225 2696 J
1227 2641 1544 2713 upiter,·ubi-

251 2732 381 2767 nam
405 2723 479 2766 est
496 2715 652 2768 fides?
1479 2720 1541 2767 15

116 2784 261 2840 Dum
296 2803 392 2854 ego
423 2795 626 2856 propter
654 2781 706 2837 te
739 2803 906 2839 errans
942 2784 1103 2856 patria
1136 2802 1283 2839 careo
1318 2785 1543 2852 demenS,

180 2907 182 2909 .
257 2865 316 2908 tu
337 2856 527 2910 interea
549 2857 652 2911 loci
1498 2862 1500 2872 ¹

116 2926 548 2999 Conlocupletasti
580 2939 649 2996 te,
689 2927 971 2999 Antiphila,
1003 2937 1055 2979 et
1090 2945 1176 2982 me
1210 2927 1266 2982 in
1297 2926 1376 2980 his
1401 2928 1542 2982 dese-

257 2999 401 3052 ruisti
423 2999 569 3053 malis
591 3021 605 3053 z

1660 719 1731 771 Sy.
1756 718 1916 758 Dicisne
1935 718 2013 758 illas
2040 721 2079 760 in
2098 735 2185 774 pro-

1607 772 1750 824 pinquo
1762 774 1869 812 esse?
1901 773 1973 811 Dr.
1993 771 2055 812 Sic
2074 785 2128 813 est
2144 784 2187 815 ut

1608 825 1702 863 dico.
1747 825 1818 876 Sy.
1835 824 1983 864 Interea
2000 827 2088 865 dum
2108 828 2186 867 col·

1607 877 1809 928 loquimur,
1862 878 1936 916 illae
1995 880 2185 928 mulieres,

1606 928 1763 968 Bacchis
1796 939 1836 968 et
1876 931 2086 982 Antiphila,
2126 948 2186 971 re-

1605 982 1704 1020 lictae
1721 992 1823 1021 sunt.
1867 984 1941 1023 Cli.
1970 984 2031 1024 Ad
2062 998 2102 1024 te
2119 1000 2186 1039 ap-

1606 1037 1831 1087 propinquat
1875 1037 2023 1084 mulier,
2071 1052 2183 1090 quam

1605 1097 1800 1140 tantopere
1841 1089 2033 1128 desideras.
2102 1091 2186 1131 Au-

1608 1142 1713 1179 disne
1742 1154 1862 1180 servos
1880 1142 2090 1194 loquentes,
2108 1143 2188 1183 Cli-

1607 1192 1701 1233 nia?
1735 1194 1796 1233 Cl.
1821 1193 1858 1232 O
1882 1194 2066 1247 Clitipho,
2085 1198 2187 1236 certe

1607 1260 1708 1284 nunc
1732 1246 1883 1286 tandem
1908 1261 1970 1286 eos
1993 1248 2116 1297 audio,
2144 1259 2185 1289 et

1606 1299 1760 1352 aspicio,
1786 1309 1824 1338 et
1840 1314 1949 1338 sanus
1968 1315 2063 1340 sum.
2109 1303 2185 1342 Dr.

1606 1351 1697 1390 Non
1729 1361 1784 1390 est
1807 1355 1943 1392 mirum
1968 1368 2029 1393 eas
2053 1355 2186 1395 tandiu
2264 1355 2275 1370 Χ

1605 1414 1763 1444 moratas
1790 1419 1890 1444 esse:
1919 1415 1996 1445 tam
2014 1416 2103 1446 sunt
2119 1421 2184 1446 oc·

1605 1468 1772 1511 cupatae:
1793 1459 1935 1498 ducunt
1950 1461 1988 1497 in
2002 1462 2184 1500 comitatu

1605 1524 1675 1548 suo
1722 1520 1902 1550 catervam
1946 1512 2185 1554 famularum.

1611 1563 1671 1603 Gt.
1697 1562 1835 1602 Nullus
1866 1579 1969 1612 sum3
2009 1566 2105 1604 unde
2123 1576 2183 1605 tot

1606 1617 1756 1656 ancillas
1765 1617 1959 1670 Antiphila
1965 1620 2183 1671 acquisivit?

1609 1667 1685 1708 Cli.
1729 1669 1926 1714 Quaerisne
1954 1672 1976 1710 ὲ
1999 1685 2060 1710 me
2083 1673 2183 1711 unde

1605 1731 1663 1762 tot
1695 1722 1750 1762 illi
1785 1725 1859 1762 sint
1898 1724 2066 1763 ancillae?
2109 1725 2182 1777 Sy.

1603 1774 1695 1814 Non
1717 1778 1884 1829 oportuit
1901 1778 1980 1816 illas
2008 1773 2183 1829 (Bacchi-

1603 1827 1687 1867 dem
1699 1838 1738 1867 et
1754 1829 2004 1882 Antiphilam)
2025 1831 2183 1870 incomi-

1601 1890 1696 1920 tatas
1714 1882 1942 1935 relinquere:
1972 1893 2050 1924 tamn
2076 1895 2181 1936 mag-

1602 1948 1688 1973 nam
1717 1948 1841 1974 rerum
1876 1938 2021 1990 copiam
2052 1950 2180 1975 secum

1602 1987 1738 2027 ferunt.
1756 1988 1816 2027 Cb.
1826 1987 1897 2027 Vae
1911 1989 2005 2028 mihi
2023 1990 2178 2029 misero!

1600 2041 1671 2093 Sy.
1689 2040 1850 2089 Aurum,
1863 2051 2002 2080 vestem
2013 2053 2027 2080 ⁴:
2048 2052 2086 2081 et
2098 2055 2180 2080 ves-

1600 2106 1689 2145 pera
1716 2095 1903 2142 imminet,
1921 2104 1960 2133 et
1983 2096 2055 2141 iter
2073 2096 2180 2148 igno-

1599 2155 1694 2185 rant.
1730 2146 1990 2199 Imprudenter
2004 2147 2180 2196 fecimus,

1599 2201 1687 2251 quia
1698 2213 1758 2238 eas
1770 2201 1934 2239 comitati
1951 2214 2027 2240 non
2041 2202 2174 2240 simus:

1598 2259 1655 2299 tu,
1664 2250 1824 2302 Dromo,
1837 2254 1897 2292 abi
1908 2267 1996 2307 ergo
2009 2254 2178 2293 celeriter

1598 2304 1742 2343 obviam
1758 2306 1844 2345 illis.
1887 2305 2059 2355 Festina,
2088 2307 2178 2358 quid

1596 2360 1810 2397 cunctaris?
1852 2358 1913 2399 CI.
1943 2359 2068 2403 Quam
2104 2355 2185 2398 mi·-x

1596 2423 1656 2448 ser
1684 2424 1756 2464 ego
1781 2413 1890 2451 sum!
1933 2413 2073 2465 quanta
2107 2426 2174 2464 spe

1583 2462 1790 2503 frustratus
1817 2466 1921 2504 sum!
1962 2466 2036 2505 Cli.
2069 2463 2175 2508 Quid

1594 2514 1669 2555 hoc
1685 2519 1740 2556 rei
1760 2519 1842 2557 est?
1873 2517 1978 2562 Quid
1994 2526 2034 2556 te
2049 2519 2176 2557 solici-

1594 2577 1677 2608 tum
1716 2570 1863 2609 reddit?
1923 2570 1984 2610 Gt.
2023 2569 2175 2615 Quaeris

1595 2623 1687 2673 quid
1729 2624 1808 2662 sit?
1858 2621 2053 2663 Videsne?
2109 2624 2174 2663 illa

1598 2674 1829 2728 (Antiphila)
1872 2676 2030 2725 ancillis,
2066 2691 2175 2726 auro,

1595 2737 1697 2766 veste
1735 2729 1915 2768 instructa
1954 2738 2027 2778 est,
2059 2743 2172 2783 quarn

1597 2793 1669 2833 ego
1704 2781 1893 2820 discedens
1935 2783 2070 2835 reliqui
2108 2782 2173 2822 hic

1596 2846 1683 2872 cum
1717 2835 1794 2873 un&
1836 2835 2001 2875 servula:
2058 2834 2173 2875 Unde

1593 2886 1754 2938 opinaris
1772 2887 1838 2926 has
1851 2902 1909 2927 res
1927 2888 2028 2927 illam
2046 2890 2176 2941 acqui·

1593 2941 1744 2979 sivisse!
1777 2940 1851 2980 Cli.
1875 2940 1983 2980 Vah!
2016 2942 2167 2982 tandem

1594 3005 1778 3049 cognpsco
1805 2995 1896 3045 quid
1926 3002 1966 3033 te
1997 2995 2171 3033 solicitat.

1592 3046 1662 3099 Sy.
1705 3045 1774 3086 Dii
1805 3047 1912 3095 boni,
1943 3060 2027 3098 quae
2060 3047 2170 3085 turba

116 3095 338 3138 mulierum!
365 3099 424 3137 vix
452 3106 626 3152 poterunt
651 3099 765 3151 recipi
792 3099 831 3138 in
858 3106 996 3137 nostras
1013 3097 1123 3145 aedes,
1151 3099 1334 3150 quantum
1365 3099 1544 3153 intelligo.
1587 3099 1691 3142 Quid
1718 3100 1856 3138 edent?
1896 3099 2135 3151 quidebibent
2147 3100 2166 3139 ?

116 3149 209 3202 quid
222 3151 293 3188 erit
302 3151 470 3192 miserius
486 3161 613 3191 nostro
630 3165 720 3191 sene
736 3150 950 3199 Chremete‚
963 3162 1074 3203 quem
1090 3160 1192 3189 tanta
1202 3151 1312 3190 turba
1327 3152 1560 3192 terrefaciet?
1590 3151 1689 3191 Ecce
1707 3150 1769 3191 hic
1783 3153 1889 3191 video
1899 3152 2168 3201 adolescentes,

116 3215 212 3254 quos
226 3202 448 3254 quoerebam.
477 3204 538 3247 Cl.
553 3205 592 3244 Ο
605 3203 778 3258 Jupiter!
806 3204 959 3243 ubinam
972 3204 1179 3243 invenietur
1191 3204 1280 3242 fides
1298 3213 1337 3242 et
1349 3207 1579 3244 coustumia?
1609 3204 1714 3244 Dum
1733 3218 1803 3257 ego
1819 3206 2002 3257 desipiens
2014 3213 2166 3259 propter

116 3263 157 3293 te
169 3255 320 3307 peregre
331 3255 518 3307 profectus
531 3270 612 3297 sum
627 3271 753 3310 vagus,
797 3256 887 3296 atria
901 3258 1076 3310 privatus,
1090 3256 1127 3296 Ο
1144 3256 1358 3310 Antiphila,
1372 3267 1415 3299 tu
1428 3260 1570 3301 interea
1585 3258 1675 3308 loci,
1688 3271 1748 3298 me
1766 3258 1933 3308 absente,
1945 3258 2164 3316 opulenta-m

117 3316 158 3347 te
175 3306 311 3356 fecisti,
327 3317 368 3348 et
379 3321 441 3352 me
453 3308 676 3363 dereliquisti
690 3311 730 3350 in
745 3310 771 3349 h
795 3323 815 3348 c
828 3311 997 3351 xnisenA:

915 3473 1357 3517 ANNOTATIONES.

169 3605 187 3636 ι
217 3597 307 3637 Ain'
332 3604 372 3639 tu
383 3598 422 3650 ?]
477 3596 729 3640 Exordiuntur
744 3600 852 3648 servi,
876 3601 979 3653 quasi
1004 3600 1109 3654 plura
1161 3609 1310 3653 sumpta
1334 3608 1410 3646 αῖς
1439 3613 1501 3639 eos
1528 3602 1628 3641 enim
1658 3604 1710 3642 ita
1734 3603 1855 3642 dicere
1880 3602 2006 3642 solitos
2032 3615 2162 3646 monet

104 3651 188 3703 jnm
205 3652 302 3691 inter
314 3666 357 3692 se
366 3652 540 3692 collocuti
553 3653 640 3692 sint.

165 3703 356 3747 Sermones
381 3705 586 3760 caedimus.]
640 3704 679 3748 A
701 3704 843 3748 Graeeis
867 3704 949 3747 hoec
965 3704 1109 3762 pbr-sin
1160 3708 1296 3749 cadere
1308 3718 1496 3747 sermones.

1163 3654 1371 3693 Priscianus
1389 3651 1477 3693 Lib.
1494 3652 1642 3698 XVIII.
1667 3655 1823 3706 scilicet3
1855 3656 2003 3700 κόπτειν
2020 3658 2160 3716 λόγους,
