2340 3964
135 163 138 167 -
154 126 332 182 lxxviii

1088 124 1647 182 PROLEGOMENA

498 275 687 324 drantal
708 282 870 334 creat:
907 287 1050 336 quare
1072 287 1247 335 corpus
1267 272 1360 320 hoc
1383 274 1538 323 Latini
1560 271 1736 322 Graeca
1757 287 1872 321 voce
1897 278 2121 320 tesseram
2142 286 2227 322 vo.-

499 341 738 390 citarunt:
775 355 871 386 non
895 338 926 384 a.
947 337 1148 397 lateyum
1170 352 1383 392 numero,
1404 347 1460 386 ut
1471 339 1671 403 quidam
1695 347 1935 403 putavere,
1968 345 2078 384 sunt
2099 335 2229 394 enim

499 423 611 464 sex;
639 406 721 452 sed
740 405 801 451 ab
818 401 976 449 radice
992 401 1338 450 constitutionis
1357 418 1371 448 ι
1398 403 1466 453 sic
1482 404 1871 470 enimappellant
1886 400 2230 451 mathematici.

500 472 743 519 Praeterea
779 469 894 516 cum
926 467 1103 514 senarii
1137 466 1246 528 plus
1286 467 1335 513 in
1366 483 1456 514 usu
1494 467 1704 525 fuissent,
1739 471 2010 535 primusque
2042 467 2231 515 Boistus
2271 500 2281 509 ,

500 533 780 600 produxerit
807 533 1088 586 octonarios,
1124 533 1186 579 ab
1222 531 1304 579 illo
1337 541 1490 579 tractu
1522 533 1687 598 longos
1718 536 2036 583 nominavere.
2100 532 2232 595 Ergo

501 616 655 663 neque
692 599 874 645 Gellius
911 599 1152 646 Ennianos
1187 613 1347 644 versus
1386 597 1638 661 quadratos
1676 600 1802 649 recte
1835 598 2094 666 appellavit
2131 606 2231 645 tro-

500 666 693 713 chaicos
713 665 846 712 illos:
876 677 879 679 ’
912 696 920 706 ρ
1651 712 1655 714 ,

632 728 741 778 Hoc
762 731 849 777 erit
869 730 954 776 tibi
974 740 1276 793 argumentum
1299 743 1462 793 semper
1484 731 1530 775 iu
1545 724 1930 794 promptusitum:

632 796 704 843 Ne
727 796 838 859 quid
859 806 1057 858 expectes
1079 798 1264 848 amicos,
1291 807 1382 842 tute
1405 797 1526 859 quod
1543 798 1689 857 possis
1704 794 1854 860 agere:
1938 838 1942 844 .
2284 847 2297 853 „

568 860 740 920 Neque
765 861 916 922 Varro
948 862 997 907 in
1019 861 1221 924 septimo
1243 862 1318 912 De
1344 861 1507 925 lingua
1532 860 1716 916 Latina,
1749 861 1853 909 illos
1874 878 1936 910 ex
1961 859 2230 910 Eunucho:

633 923 752 974 Heri
773 927 946 989 aliquot
969 926 1289 974 adolescentuli
1309 929 1475 973 coimus
1499 929 1548 973 in
1570 928 1722 974 Piraeo
1740 945 1753 973 .·
2059 959 2074 974 s

568 990 811 1054 Siquidem
847 991 1065 1038 Ruffinus
1098 1001 1264 1039 auctor
1295 990 1382 1047 es't,
1418 992 1619 1066 eunden]
1643 993 1908 1040 Varronem
1928 991 1994 1039 ita
2016 991 2230 1047 sensisse,

501 1072 695 1103 versum
727 1058 1048 1119 septenarium
1081 1056 1200 1111 fieri,
1234 1057 1345 1104 cum
1381 1056 1439 1104 ad
1464 1073 1695 1104 senarium
1723 1075 1804 1122 pes
1837 1056 2116 1120 trisyllabus
2148 1055 2232 1104 ad-

503 1122 726 1170 deretur:
764 1121 987 1185 additque
1008 1122 1284 1185 exemplum
1307 1122 1468 1170 iisdem
1493 1123 1714 1178 numeriS,
1737 1140 1799 1170 ex
1823 1121 2052 1188 Hecyra:

638 1189 760 1235 Nam
781 1191 824 1235 si
845 1191 1079 1235 remittant
1105 1190 1341 1252 quippiam
1365 1189 1631 1236 Philumenae
1655 1189 1844 1237 dolores.

570 1253 686 1300 Non
709 1254 862 1301 solum
886 1253 1031 1318 igitur
1054 1252 1084 1300 a
1107 1270 1156 1300 se
1179 1254 1394 1302 dissentit
1414 1253 1531 1317 ipse,
1566 1254 1730 1302 verfim
1754 1255 1899 1302 etiam
1920 1262 2046 1302 errat
2065 1249 2237 1300 defini-

506 1318 646 1367 endo.
703 1319 829 1368 Nam
854 1327 903 1366 et
923 1320 1073 1381 major
1094 1328 1165 1366 est
1187 1320 1466 1383 septenario,
1503 1328 1553 1366 et
1573 1321 1847 1385 trisyllabus
1875 1336 1976 1383 pes,
2007 1313 2238 1367 Bacchius

506 1384 790 1449 praesertim,
825 1383 983 1432 iambo
1017 1401 1113 1433 non
1147 1386 1302 1434 solum
1325 1396 1397 1432 est
1430 1385 1730 1440 adventitiuS,
1765 1385 1847 1433 sed
1871 1385 2017 1443 etiam
2044 1385 2240 1432 alterius
2295 1411 2298 1414 >

506 1449 686 1498 tractus
707 1451 877 1498 diversi
901 1467 1055 1514 neque
1076 1450 1250 1516 dignus
1271 1451 1352 1515 qui
1377 1451 1426 1497 in
1449 1451 1642 1499 iambici
1663 1450 1989 1500 definitionem
2012 1451 2236 1513 admitta-

506 1525 599 1563 tur.
665 1516 732 1564 Et
761 1515 1014 1563 ridiculum
1046 1525 1131 1572 est,
1163 1529 1260 1563 non
1281 1516 1439 1580 potius
1466 1518 1783 1580 septenarium
1807 1534 1868 1564 ex
1890 1520 2098 1583 septenis
2119 1518 2241 1574 fieri,

507 1582 632 1629 sicut
655 1597 718 1628 ex
743 1582 868 1630 senis
885 1581 1134 1638 senarium,
1156 1580 1300 1644 quam
1323 1579 1351 1628 ὲ
1373 1583 1559 1630 senario
1581 1590 1631 1629 et
1651 1599 1747 1640 uno
1771 1583 1906 1646 pede,
1924 1583 2058 1637 tanto
2081 1585 2241 1634 minus

508 1645 778 1710 trisyllabo.
862 1647 953 1694 Sed
991 1646 1209 1710 profecto
1241 1663 1443 1710 magnos
1481 1647 1609 1694 viros
1645 1649 1898 1697 auctoritas
1936 1665 2066 1713 saepe
2099 1652 2240 1706 texit,
2288 1663 2290 1667 ·

508 1713 654 1760 etiam
675 1710 801 1761 male
825 1713 1107 1760 sentientes:
1144 1712 1266 1760 sicut
1295 1713 1575 1760 Ciceronem
1598 1728 1783 1778 quoque
1810 1713 1935 1789 fugit
1967 1710 2103 1773 ratio,
2128 1715 2241 1769 cum

508 1779 561 1827 in
582 1777 741 1843 prima
762 1777 1024 1842 quaestione
1045 1776 1320 1826 Tusculana
1341 1779 1628 1842 septenarios
1647 1791 1788 1827 vocat
1809 1779 1913 1830 illos
1933 1795 1946 1830 ε
2224 1803 2227 1806 ·

642 1846 748 1892 Heu
769 1846 987 1907 reliquias
1005 1845 1206 1892 semiassi
1226 1845 1348 1906 regis
1367 1844 1606 1892 denudatis
1625 1846 1807 1901 ossilms,

643 1911 736 1957 Per
757 1920 924 1956 terram
943 1910 1068 1956 sanie
1090 1909 1446 1967 delibutasfoedd
1467 1910 1550 1958 diu
1568 1913 1786 1961 vexarier.

575 1976 804 2023 Erasmus
830 1974 1094 2023 Varronem
1119 1985 1322 2030 secutus,
1355 1983 1684 2027 tetrametrum
1706 1975 1857 2024 nihilo
1877 1973 2063 2025 felicius
2084 1979 2240 2044 expli-

509 2043 641 2090 cavit
662 2040 754 2088 illis
776 2037 952 2093 verbis,
975 2039 1238 2105 iambicum
1255 2049 1581 2091 tetrametrum
1600 2041 1833 2090 interdum
1852 2041 1899 2089 in
1918 2042 2014 2093 fine
2036 2042 2245 2093 fraudari

510 2107 610 2154 una
630 2105 821 2169 syllaba
842 2105 1075 2170 producta
1097 2103 1388 2169 penultima,¹
1405 2107 1589 2169 quoties
1609 2107 1817 2156 iambico
1838 2106 2042 2157 dimetro
2065 2111 2245 2170 accini-

509 2183 591 2220 tur
613 2171 815 2219 dimeter
837 2171 1157 2219 catalecticus
1209 2171 1340 2220 Nam
1363 2172 1471 2235 quid
1496 2165 1731 2222 attinebat
1750 2172 1908 2222 dicere
1929 2175 2245 2238 penultimam
2319 2172 2327 2186 “

511 2238 833 2302 productam?
867 2253 1021 2300 neque
1054 2237 1181 2284 enim
1221 2238 1538 2286 necessarium
1571 2239 1664 2286 hoc
1698 2247 1799 2287 est:
1835 2255 1929 2302 quo
1959 2240 2066 2288 loco
2087 2250 2137 2288 et
2157 2243 2245 2289 tri·

511 2303 723 2351 braehus
766 2319 866 2350 esse
905 2312 1060 2364 potest
1098 2310 1147 2350 et
1185 2301 1441 2367 dactylus:
1499 2320 1699 2368 quorum
1739 2305 1944 2368 syllabae
1985 2314 2244 2370 postremae

509 2369 682 2419 breves
706 2377 836 2431 sunt..
891 2369 961 2414 At
993 2384 1100 2431 quae
1133 2378 1204 2415 est
1237 2370 1321 2416 illa
1340 2369 1633 2433 explicatio?
1668 2370 1801 2433 quasi
1826 2371 1939 2419 cum
1960 2371 2107 2429 dicas,
2141 2373 2246 2434 Ho-

512 2435 630 2483 mini
655 2433 891 2481 interdum
915 2449 1001 2496 pes
1022 2432 1168 2488 deest,
1192 2434 1376 2497 quoties
1397 2435 1583 2498 integro
1600 2435 1925 2492 semihomine‚
1949 2437 2084 2487 alteri
2101 2439 2244 2488 semi-

513 2499 698 2548 homini
721 2495 973 2563 pesndeest.
1038 2500 1108 2546 At
1127 2496 1242 2547 vero
1264 2500 1367 2563 quis
1387 2503 1540 2548 nescit
1557 2500 1869 2561 tetrametrOS,
1892 2518 1988 2551 non
2009 2503 2036 2552 ὲ
2059 2503 2245 2555 duobus

514 2565 760 2625 dimetris3
801 2563 883 2611 sed
922 2580 997 2612 ex!
1024 2573 1224 2629 quatuor
1258 2565 1630 2615 dimensionibus
1666 2578 1907 2616 constare:
1951 2569 1988 2617 si
2025 2569 2130 2634 quis
2166 2570 2245 2618 vel

515 2631 723 2694 partium
759 2628 1024 2678 consideret
1058 2631 1306 2686 rationem,
1344 2647 1540 2694 quarum
1574 2633 1771 2697 singulis
1800 2633 1986 2698 aequale
2012 2635 2092 2696 jus
2107 2635 2172 2682 sit
2193 2636 2245 2684 in

516 2712 690 2756 versu3
725 2696 797 2743 vel
822 2693 1055 2758 originem
1079 2696 1230 2760 ipsam
1253 2697 1503 2745 intueatur.
1569 2698 1739 2763 Neque
1771 2700 1898 2747 enim
1929 2699 2116 2748 Boistus
2148 2701 2244 2758 ille,

518 2761 700 2811 aliusve
738 2761 990 2827 quispiam,
1034 2760 1236 2810 dimetro
1279 2761 1534 2811 dimetrum
1571 2765 1782 2829 aptavit:
1815 2765 1919 2818 ,sed
1958 2757 2241 2824 trimetrum,
2287 2807 2295 2817 ,

517 2843 659 2891 quem
694 2836 796 2877 tum
829 2826 1158 2891 longissimum
1191 2827 1450 2884 invenerat,
1482 2840 1831 2878 monometrum
1848 2828 2048 2878 addidit.
2114 2830 2243 2880 Prae-

518 2902 651 2940 terea
681 2893 785 2956 quis
810 2893 902 2943 hoc
937 2893 1145 2947 audiens,
1178 2910 1275 2940 non
1309 2903 1443 2957 putet
1475 2892 1575 2942 esse
1607 2894 1740 2954 nefas
1763 2910 1993 2942 caesuram
2015 2894 2246 2955 facere-in

518 2959 684 3022 quinto
708 2956 828 3021 pede
848 2959 864 3004 ?
899 2957 1130 3019 siquidem
1165 2975 1226 3005 ex
1250 2958 1435 3006 duobus
1457 2959 1670 3008 dimetris
1690 2969 2011 3020 tetrametrum
2034 2971 2106 3011 est
2127 2977 2244 3020 con·

521 3023 872 3072 sarcinandum.
943 3023 1069 3071 Quid
1109 3022 1238 3091 quod
1272 3023 1399 3073 idem
1433 3025 1606 3084 abusus
1639 3035 1708 3072 est
1741 3025 1930 3073 dimetri
1953 3027 2246 3093 trimetrique

519 3088 876 3153 appellatione?
947 3089 1072 3136 Nam
1109 3088 1432 3153 imprudenter
1462 3107 1652 3139 versum
1681 3082 1814 3150 illum
1835 3091 2104 3152 exAndria
2125 3096 2244 3143 iam-

519 3155 685 3203 bicum
708 3162 1056 3217 pentametrum
1079 3154 1202 3202 dixit
1224 3171 1352 3202 esse:

654 3220 858 3266 Hoccine
881 3219 1097 3280 credibile
1116 3231 1194 3274 est,
1221 3231 1297 3269 auc
1318 3220 1599 3270 memorabile
1616 3226 1642 3270 ‚²⁷
1731 3262 1734 3267 .
2207 3259 2244 3278 ..,

588 3286 686 3336 Qui
719 3294 842 3331 esset
875 3284 1091 3332 trimeter
1128 3284 1635 3349 brachycatalectico&
1739 3288 1912 3352 Neque
1944 3291 2075 3339 enim
2118 3290 2245 3346 idem

522 3367 624 3399 esse
647 3351 809 3416 με’-ῐρον
832 3356 880 3396 et
901 3348 1087 3412 pedem,
1109 3351 1253 3414 supra
1272 3353 1507 3401 diximus:
1543 3353 1624 3400 sed
1647 3352 1809 3421 μέτρον
1833 3371 2008 3419 capere
2025 3358 2249 3411 mosol-ios

527 3415 672 3479 pedes
693 3416 810 3463 duos
830 3431 843 3463 z
879 3430 1024 3477 quare
1047 3415 1085 3462 si
1109 3425 1459 3478 pentametrum
1483 3417 1740 3467 iambicum
1765 3422 1929 3485 exigas
1951 3432 2000 3470 et
2020 3422 2052 3470 a
2072 3424 2244 3479 (ἦπου

527 3479 687 3544 poeta,
712 3490 759 3547 et
776 3479 806 3527 a
826 3478 1006 3535 Latin0,
1031 3478 1166 3527 tanto
1184 3481 1329 3529 altero
1341 3484 1572 3547 majorem
1591 3485 1808 3534 ostendat
1826 3504 1842 3549 3
1878 3504 2020 3552 quem
2041 3500 2245 3538 errorem

529 3547 675 3594 etiam
699 3545 749 3592 in
771 3546 854 3592 illo
877 3545 1202 3594 continuavit:

655 3612 782 3660 Novi
802 3627 894 3659 rem
915 3627 1082 3660 omnem
1095 3631 1113 3660 .-
1145 3611 1227 3661 sed
1246 3623 1306 3661 est
1330 3611 1452 3662 Simo
1475 3616 1595 3664 intus
1611 3619 1635 3662 ,⁹
1665 3610 1741 3681 esi.
