2340 3964
108 123 178 180 lvi

1036 125 1600 200 PROLRfiOMENA

591 275 701 326 Tum
723 280 952 341 denegare.
1022 277 1094 325 Ibi
1115 287 1208 323 tum
1231 278 1612 340 impudentissima
1631 295 1781 329 eorum
1801 290 1863 327 est
1884 282 2049 334 oratio,
2138 302 2175 329 κ

581 347 692 392 Quis
712 355 765 390 tu
781 361 827 390 es
847 348 871 388 ‚2
915 343 1015 406 quis
1035 356 1079 389 es
1099 343 1212 388 milii
1226 345 1251 388 ,2
1288 358 1375 390 cur
1394 360 1535 393 meam
1556 345 1679 394 tibi?
1721 346 1823 392 heus
1834 346 2066 409 proximu’
2085 347 2185 397 mni·

712 419 883 471 egomet
905 407 1030 456 milti.
1377 436 1400 450 .-

578 476 788 523 Attamen
811 472 890 520 ubi
899 474 1029 533 fides,
1053 474 1094 519 si
1114 489 1258 535 roges,
1281 473 1400 520 nihil
1412 473 1579 534 pudet.-
1612 475 1699 530 1120,
1724 475 1804 522 ubi
1826 488 1892 524 est
1911 472 2033 539 opus,

581 540 716 588 Nihil
735 550 962 586 verentur:
997 541 1112 594 illic,
1139 538 1218 587 ubi
1237 545 1463 593 verentur,
1477 538 1549 587 ibi
1568 555 1656 589 non
1680 553 1740 587 est
1763 557 1886 606 opus.
2123 585 2126 590 .

514 606 660 668 Siqua
704 605 835 652 vides
879 605 1142 659 immutata,
1186 621 1294 667 quae
1336 619 1488 666 pauca
1527 603 1671 661 vides,
1716 609 1925 669 cogitare
1972 605 2182 670 primum

447 671 610 724 debeS,
635 679 815 733 quanta
841 672 888 717 in'
906 670 1258 735 exemplaribus
1278 669 1336 718 sit
1356 670 1573 724 variet-as,
1593 679 1689 718 tum
1713 672 1858 734 quem
1879 674 2018 720 facile
2038 671 2182 719 fuerit

446 748 509 784 est
540 735 732 791 addere,-
765 754 788 783 e
824 737 1083 802 geminare,
1122 747 1166 784 et
1203 737 1250 784 in
1277 743 1554 784 contextum
1589 736 1766 790 venire,-
1801 754 1887 801 pro
1911 749 2003 785 tum
2037 736 2182 786 scribi

446 803 558 857 ciam,
593 803 709 850 nihil
731 807 779 850 et
801 821 888 850 non
911 803 1005 850 suis
1029 821 1078 850 se
1102 802 1270 851 mutuo
1291 799 1484 849 sedibus
1508 799 1761 864 expulisse.
1825 805 1931 858 Eos,
1953 803 2077 866 quod
2099 802 2184 850 adr*

448 867 599 916 ditum
625 868 653 914 εὶ
686 869 824 916 nobis
857 886 914 916 eo
949 869 1052 916 loco
1075 887 1169 933 quo
1202 869 1425 915 Erasmus
1459 867 1623 914 deesse
1657 867 1876 915 nonnihil
1907 867 2183 932 imprudens

447 932 693 990 divinavit,
731 934 998 982 addidimus
1023 935 1153 983 certe
1176 934 1352 982 codicis
1375 933 1660 981 testimonio.
1726 933 1951 995 Ejusdem
1973 945 2082 981 sunt
2103 933 2183 998 qui

446 1010 708 1066 sequuntur
732 1010 781 1047 et
803 1001 989 1064 generis
1011 1009 1059 1048 et
1080 1015 1335 1056 mensurae,
1760 998 1765 1005 ’
2037 1030 2041 1035 -
2112 1051 2114 1055 ,

580 1064 672 1113 Sed
693 1068 805 1129 quid
827 1084 964 1129 agam
980 1071 1003 1113 ?
1037 1067 1251 1115 adeamne
1271 1067 1336 1115 ad
1353 1082 1461 1121 eum,
1487 1075 1529 1112 et
1546 1065 1764 1130 injuriam
1785 1065 1900 1112 lianc
1921 1065 2186 1126 expostulem

710 1145 882 1180 cum'eo
903 1137 928 1180 ἕ*
2040 1149 2046 1160 ·

536 1217 537 1220 ’
579 1197 723 1244 Μαῖα
746 1200 949 1261 ingeram
971 1199 1110 1246 multa
1126 1202 1150 1245 ,2
1182 1199 1313 1262 atqui
1332 1198 1496 1261 aliquis
1519 1196 1657 1252 dicat,
1682 1197 1801 1244 nihil
1814 1185 2103 1259 promoveris.

580 1264 783 1312 Multum
806 1266 1008 1312 molestus
1028 1264 1141 1312 certe*
1162 1267 1206 1311 ei
1214 1268 1370 1321 fuero,
1395 1273 1528 1327 atque
1549 1265 1700 1322 animo
1720 1279 1883 1309 morem
1900 1277 2086 1326 gessero.

513 1331 588 1378 Ita
622 1331 748 1378 enim
786 1340 894 1377 sunt
926 1330 1134 1395 legendi.
1198 1330 1356 1384 Plura,
1393 1328 1519 1375 Guil.
1555 1328 1723 1383 Bellai,
1763 1345 1936 1391 capere
1969 1325 2189 1389 epistolae‘
2223 1365 2228 1369 .

447 1396 659 1444 brevitas
682 1413 778 1444 non
800 1406 970 1460 potest,
1006 1405 1055 1444 et
1081 1396 1242 1443 omnia
1266 1394 1484 1458 persequi
1509 1395 1686 1458 negotii
1711 1404 1835 1440 esset
1855 1402 1905 1449 et
1926 1392 2012 1440 otii
2035 1392 2188 1452 majo·

447 1463 541 1510 ris:
581 1478 728 1510 unum
753 1464 790 1510 si
815 1462 1056 1516 addider0‚
1089 1462 1202 1524 quia
1231 1461 1281 1522 in
1310 1477 1368 1508 eo
1389 1476 1493 1506 sum
1517 1459 1638 1515 loco,
1675 1458 1913 1507 scribendi
1937 1458 2081 1507 finem
2106 1456 2184 1504 fa-·

449 1529 591 1576 ciam.
664 1529 859 1591 Legitur
881 1527 1025 1591 paul&
1050 1525 1172 1589 post,
1377 1536 1379 1542 '
1673 1559 1679 1568 ι
1988 1518 1990 1524 ’

512 1593 565 1641 P.
607 1594 697 1641 Cur
718 1612 787 1642 me
808 1605 959 1641 enecas
978 1597 1002 1639 ?
1034 1595 1118 1640 hoc
1139 1591 1274 1639 audi.
1326 1592 1573 1654 'Nunquam
1596 1590 1765 1638 destitit

510 1659 703 1715 Instare,
725 1671 776 1708 ut
797 1661 989 1708 dicerem
1009 1676 1097 1707 esse
1119 1659 1356 1707 ducturum
1369 1652 1516 1719 pati’i,

512 1726 728 1786 Suadere,
753 1741 884 1773 orare
905 1742 1042 1789 usque
1065 1725 1181 1771 adeo*
1205 1724 1342 1771 donec
1358 1722 1575 1785 perpulit.
1596 1750 1605 1753 »

451 1829 457 1838 ,
508 1793 569 1843 C.
595 1794 708 1850 Quis
729 1793 857 1839 homo
882 1794 998 1838 istuc
1015 1794 1039 1837 ?
1073 1789 1124 1836 P.
1148 1791 1320 1836 Davos.
1356 1789 1410 1837 C.
1433 1790 1598 1835 Davos
1618 1791 1641 1833 ?
1675 1787 1725 1835 P.
1755 1785 2046 1837 Interturbat.

712 1858 766 1904 C.
805 1857 1102 1904 Quamobrem
1122 1860 1145 1902 ,P
1212 1855 1261 1902 P.
1299 1855 1477 1908 Nescio,

511 1926 621 1973 Nisi
640 1924 750 1972 mihi
771 1924 877 1971 deos
896 1924 1011 1971 satis
1029 1923 1281 1979 sciofaisse
1304 1923 1449 1967 iratos
1465 1921 1544 1982 qui
1567 1921 1922 1966 ctzcsealtaverim.
2086 1926 2098 1949 ’

517 1991 611 2040 Qui
637 1991 731 2038 duo
755 1990 1037 2054 posteriores
1060 2003 1224 2035 versus
1246 1985 1475 2033 octonarii
1501 1994 1610 2031 sunt
1636 1984 1846 2039 iambici,
1868 1996 1918 2032 ut
1935 2001 2062 2033 nunc
2080 1987 2187 2050 qui-⁷

444 2055 709 2110 demsunt:
729 2055 913 2117 judicio
928 2064 1092 2102 tamen
1106 2061 1263 2100 nostro
1277 2050 1476 2099 trimetri
1493 2067 1594 2098 esse
1607 2049 1788 2097 debent
1802 2059 1910 2105 tres,
1923 2067 1978 2098 ac
1991 2051 2060 2099 sic
2077 2052 2184 2117 legi.

514 2123 568 2170 C.
595 2124 704 2170 Quis
724 2123 853 2169 homo
875 2125 988 2169 istuc
1004 2124 1028 2167 ?
1079 2119 1130 2166 P.
1156 2119 1328 2166 Davos.
1377 2117 1430 2164 C.
1455 2117 1614 2163 Davos
1630 2119 1653 2163 ‚9
1691 2116 1743 2164 P.
1771 2117 1927 2168 Davos
1949 2119 2121 2166 omnia.

442 2202 446 2211 ⁶
513 2189 570 2237 C.
597 2187 891 2236 Quamobrem
911 2191 935 2234 ,²³
974 2186 1026 2233 P.
1051 2186 1211 2232 Nescio
1231 2203 1244 2230 .·
1278 2185 1371 2230 nisi
1390 2182 1501 2230 milti
1526 2182 1631 2230 deos
1653 2185 1764 2230 satis
1820 2221 1822 2225 .

515 2255 624 2302 Scio
633 2253 784 2312 fuisse
807 2256 964 2309 iratos,
987 2253 1066 2316 qui
1089 2251 1445 2297 auscultaverint.
2042 2298 2047 2303 .

451 2352 455 2356 ,
515 2321 708 2370 Quanta
740 2320 939 2368 orationi
975 2315 1226 2366 accesserit
1258 2324 1478 2364 venustas
1510 2314 1751 2379 intelligis,
1785 2331 1895 2378 quae
1916 2312 2044 2362 certe
2068 2313 2184 2363 cum

448 2387 582 2435 locus
603 2396 846 2450 suspectus
869 2401 964 2432 non
986 2391 1109 2445 esset
1131 2382 1451 2441 vehementer,
1489 2379 1549 2428 ad
1582 2380 1929 2430 immutandum
1950 2381 2184 2440 momenti

449 2453 830 2517 nunquamssatis
852 2450 1111 2504 habuisset,
1149 2448 1236 2495 nisi
1261 2448 1310 2494 in
1334 2456 1492 2494 vetere
1517 2447 1628 2494 satis
1651 2446 1913 2510 exemplari
1948 2445 2015 2492 ita
2037 2447 2188 2508 scrip·

450 2526 555 2566 tum
590 2511 882 2582 re‘perissem.
953 2517 1062 2563 Quis
1094 2516 1221 2562 homo
1245 2516 1360 2562 istuc
1380 2515 1403 2559 ?
1469 2513 1521 2561 P.
1545 2514 1717 2560 Davos.
1784 2512 1837 2559 C.
1861 2513 2062 2560 Davos?
2129 2500 2181 2560 P:

450 2587 611 2633 Davos
633 2583 896 2632 interturbat
918 2585 1066 2630 omnia
1086 2602 1100 2628 .·
1137 2597 1229 2643 ego
1250 2579 1519 2627 interturbat
1539 2595 1639 2627 esse
1663 2579 1932 2642 interpretis
1957 2576 2188 2627 affirmare

450 2652 616 2698 ausim.
685 2650 800 2712 Ejus
834 2648 1020 2714 generis
1054 2645 1196 2711 quain}
1232 2646 1326 2692 sint
1357 2645 1507 2692 multa
1540 2661 1694 2708 neque
1725 2643 1885 2699 credis
1910 2659 2064 2706 neque
2087 2641 2184 2691 di'ci

452 2715 596 2765 facil&
635 2724 806 2778 potest.
875 2716 933 2763 In
970 2713 1258 2761 Pbormione
1291 2711 1358 2758 ita
1393 2711 1653 2775 legebatur,
1688 2712 1818 2759 Itane-
1841 2709 2022 2757 tandem
2040 2723 2188 2772 quoeso

449 2784 589 2830 civem
626 2784 729 2829 item
763 2792 812 2830 ut
844 2781 1130 2833 meretricem,
1165 2776 1244 2824 ubi
1277 2776 1438 2823 abusus
1462 2779 1551 2824 sis.-
1588 2777 1721 2840 cujus
1747 2774 1960 2822 versiculi
1984 2773 2078 2820 duo
2103 2773 2188 2820 ina

451 2849 613 2903 verba,
646 2848 704 2894 Ut
726 2849 1010 2901 meretricem,
1037 2861 1138 2892 esse
1161 2859 1345 2907 quoque
1370 2843 1640 2906 interpretis
1663 2840 1842 2899 indicat
1864 2836 2026 2904 aperte
2049 2855 2186 2886 sena·

450 2913 562 2960 rius.
631 2915 689 2960 In
714 2911 862 2960 Andr.
887 2914 997 2959 Act.
1022 2910 1106 2959 IV.
1131 2927 1261 2958 scen.
1292 2910 1382 2956 111.
1408 2910 1635 2970 scriptum
1661 2907 1728 2954 sic
1751 2916 1869 2960 erat,

516 2979 591 3043 Μ.
615 2980 686 3026 Νε
706 2996 773 3025 me
795 2980 1006 3042 attingas,
1028 2977 1214 3030 sceleste,
1237 2978 1277 3022 si
1290 2975 1376 3037 pol
1402 2974 1610 3037 Glycerio
1633 2989 1719 3019 non
1739 2971 1892 3019 omnia'
1909 2971 2026 3019 Itaec.

475 3103 477 3106 Ι
515 3043 575 3092 D.
599 3044 700 3092 Eho
723 3046 889 3106 inepta,
914 3044 1052 3090 nescis
1073 3042 1184 3107 quid
1205 3043 1263 3088 sit
1284 3051 1444 3087 actum.
1514 3038 1588 3085 M.
1613 3038 1740 3085 Quid
1761 3039 1902 3084 sciam
1918 3041 1942 3083 ἓ

450 3108 558 3174 Ego
582 3118 831 3172 utrumque
854 3109 1118 3156 trimetrum
1143 3123 1242 3155 esse
1266 3114 1395 3169 puto.
1418 3104 1649 3167 Illudque,
1673 3105 1787 3167 quid
1802 3105 1860 3151 sit
1882 3114 2047 3158 actum,
2103 3103 2194 3150 In«

383 3172 387 3179 ’
451 3175 668 3240 terpretis
691 3192 806 3228 esse,
830 3191 927 3222 non
950 3174 1172 3228 authoris,
1201 3171 1396 3236 proinde
1420 3172 1484 3227 ita
1508 3169 1779 3234 legendum,

514 3243 587 3290 Ne
609 3257 677 3288 me
697 3243 907 3303 attingas,
930 3242 1130 3293 sceleste,
1145 3241 1185 3286 si
1197 3241 1284 3302 pol
1310 3238 1516 3300 Glycerio

513 3308 621 3354 Non
644 3307 792 3354 omnia
817 3306 919 3353 lzaec.
985 3305 1046 3351 D.
1072 3305 1170 3351 Eleo
1194 3307 1361 3367 inepta,
1385 3306 1538 3350 nescis.
1607 3300 1680 3349 M.
1708 3300 1832 3348 Quid
1850 3301 1992 3348 sciam
2010 3300 2035 3345 ἓ

518 3373 687 3436 Neque
711 3386 927 3419 recusem
949 3370 1065 3433 quin
1087 3380 1317 3433 quantum
1351 3369 1410 3416 de
1442 3367 1620 3432 judicio
1643 3366 1734 3414 hoc
1756 3382 1893 3422 meof
1915 3374 2102 3413 tantum
2125 3362 2195 3412 de·

449 3438 804 3487 existimatione
827 3435 1119 3484 detrahatur.

520 3502 700 3563 Habes,
726 3502 854 3550 Guil.
877 3501 1046 3556 Bellai,
1070 3500 1304 3561 conjicere
1321 3494 1447 3547 unde
1468 3492 1632 3564 possis,
1658 3505 1738 3544 aut
1752 3495 1880 3560 ,quid
1897 3513 1990 3560 ego
2012 3494 2185 3544 effece-

451 3569 556 3625 rim,
593 3578 675 3617 aut
698 3568 819 3633 quid
835 3568 1026 3617 efficere
1048 3565 1313 3618 voluerim:
1353 3582 1508 3631 neque
1529 3563 1642 3615 vero
1667 3563 1850 3621 dubito,
1874 3561 1991 3628 quin
2009 3566 2060 3610 'ut
2078 3567 2187 3624 post
