2314 3944
161 114 271 164 208

2 806 72 832 om
81 786 113 828 ό·

162 250 243 290 Da.
259 248 324 288 An
342 261 419 290 non
445 259 551 302 pater
570 259 732 286 reversus

159 303 198 341 ei
225 313 389 354 parceret
424 302 521 341 hanc
555 301 699 351 culpam
715 300 729 337 ?

161 355 234 394 Ge.
286 352 418 399 Quid?
668 350 672 354 ’

158 407 322 461 puellam
340 408 435 446 dotis
462 414 664 458 expertem,
694 411 733 441 et

157 461 326 500 obscuris
342 460 523 498 natalibus
548 463 733 508 pateretur

157 525 246 551 eum
263 513 418 550 ducere?
449 510 652 558 Nunquam
669 507 731 545 ille

155 563 232 604 hoc
249 564 396 602 faceret.
439 564 515 601 Da.
534 559 636 604 Quid
651 560 732 596 tan-

157 617 245 656 dem
262 616 400 654 Factum
424 615 508 653 est?
540 613 608 652 Ge.
627 611 732 654 Quid

157 669 297 709 fictum
326 668 452 713 fuerit,
465 666 624 717 quaeris?
665 663 735 702 Est

208 725 338 759 rasitus
372 720 536 770 quidam,
583 718 733 755 nomine

159 735 351 818 Flwrmio,
396 772 509 810 homo
543 770 660 808 audax
696 778 735 806 et

158 826 390 871 temerarius,
426 825 491 874 qui
528 823 593 874 (dii
629 822 734 859 illum

157 878 359 927 occidant).
373 878 446 916 Da.
457 875 560 918 Quid
571 874 661 912 fecit
670 874 733 911 ille

158 929 363 970 Phormio?
394 929 462 968 Ge.
484 927 570 966 Hoc
588 926 737 965 consili-

158 997 222 1022 um
226 983 338 1033 ‚quod
347 995 542 1034 exponam,
550 981 651 1018 dedit
660 992 669 1016 :
681 980 738 1016 ni·-

156 1038 315 1082 mirum
334 1033 438 1087 Lege
449 1043 596 1072 cautum
615 1041 670 1070 est
684 1030 739 1069 A-

158 1086 300 1134 thenis,
326 1097 370 1125 ut
397 1088 556 1138 virgines
574 1085 736 1137 parenti-

156 1140 229 1179 bus
247 1140 385 1179 orbatae
401 1139 542 1178 nubant
560 1138 735 1189 proximis

159 1193 320 1245 agnatis,
333 1201 444 1244 atque
457 1192 510 1229 illi
528 1204 588 1228 eas
600 1203 734 1228 uxores

158 1247 314 1285 ducam:
344 1259 415 1297 ego
430 1253 468 1282 te
482 1244 610 1294 virgini
625 1256 735 1294 prox-

159 1299 278 1336 imum
298 1310 378 1336 esse
395 1296 620 1342 asseverabo,
638 1304 675 1332 et
694 1297 734 1333 in

155 1351 220 1401 jus
246 1350 399 1396 vocabo,
415 1351 528 1401 patris
555 1361 615 1386 me
641 1349 735 1386 ami-

161 1416 246 1441 cum
266 1416 345 1441 esse
365 1403 526 1454 fingens3
552 1413 622 1439 nos
634 1399 735 1449 judi·

159 1457 220 1494 cio
238 1457 430 1494 sistemus:
448 1456 513 1506 qui
533 1451 646 1496 fuerit
662 1452 742 1510 illi3

160 1522 206 1546 us
241 1516 358 1560 pater,
386 1520 471 1558 quae
501 1515 632 1552 mater,
659 1517 737 1556 quo

161 1561 272 1600 modo
291 1562 325 1598 ei
351 1559 570 1612 cognatione
581 1559 735 1609 junctus

473 355 583 393 illene
629 361 734 402 pater

103 1633 114 1644 κ
161 1615 214 1651 sis
231 1614 407 1652 recitabo.
448 1609 533 1650 Hoc
552 1612 622 1649 erit
635 1625 736 1648 com-

161 1665 317 1704 modum
331 1675 368 1703 et
382 1678 429 1702 ex
442 1677 512 1702 usu
525 1677 623 1710 meo,
637 1663 736 1714 quod

162 1719 251 1759 cum
268 1717 363 1756 nihil
390 1717 523 1756 horum
543 1715 734 1762 refutabis,

163 1772 262 1809 certe
287 1780 325 1808 te
350 1771 390 1808 in
411 1769 554 1820 judicio
577 1770 735 1807 vincam.

150 1821 354 1875 ·Deinceps
375 1832 479 1874 pater
500 1832 588 1860 tuus
611 1835 657 1859 ex
674 1821 735 1858 iti-

163 1889 262 1915 nere,
279 1885 497 1914 revertetur:
533 1873 625 1912 mihi
654 1874 735 1911 lites

162 1928 358 1968 intendet:
385 1928 450 1966 sed
473 1928 563 1978 quid
578 1926 660 1964 mea
678 1927 735 1963 in-

162 1982 306 2019 terest?
363 1981 426 2019 illa
467 1981 568 2030 virgo
611 1987 737 2016 nostra

162 2033 340 2074 manebit.
393 2034 469 2071 Da.
506 2031 736 2070 Confidenti-

162 2099 224 2125 am
246 2087 324 2124 risu
339 2085 509 2137 dignam!
540 2084 609 2123 Ge.
625 2084 739 2122 Anti-

161 2138 241 2193 pho
253 2137 325 2177 hoc
341 2138 536 2177 consilium
549 2137 733 2188 probavit,

160 2202 338 2230 executus
356 2200 424 2238 est,
448 2190 646 2240 adjudices
672 2202 734 2226 ve-

159 2244 299 2291 nimus,
312 2244 422 2282 causa
433 2244 650 2281 cecidimus:
671 2241 732 2279 ille

158 2295 259 2337 hanc
297 2298 338 2334 in
381 2309 531 2334 uxerem
577 2296 732 2346 accepit.

159 2348 240 2389 Da.
269 2347 368 2392 Quae
393 2347 487 2386 mihi
508 2360 733 2386 commemo·

159 2402 244 2442 ras?
275 2402 344 2440 Ge.
363 2399 472 2449 Haec,
486 2413 569 2452 quae
587 2400 732 2439 auribus

158 2456 234 2494 tuis
268 2454 437 2531 percipis.
500 2454 577 2492 Da.
610 2452 647 2491 Ο
681 2453 732 2491 1111

159 2506 280 2554 Geta.
327 2507 417 2559 quid
453 2515 494 2545 te
529 2506 617 2543 fiet?
662 2505 731 2544 Ge.

159 2557 302 2598 Nescio
325 2573 391 2612 per
421 2557 622 2597 Herculem
650 2560 731 2609 quis

157 2625 220 2650 me
243 2625 347 2650 casus
364 2621 507 2650 manet:
535 2612 598 2649 sed
616 2624 731 2649 unum

156 2662 231 2704 hoc
263 2665 378 2716 probe
407 2666 503 2710 scio;
532 2663 631 2714 quod
658 2663 734 2702 for·-

157 2725 250 2757 tuna
266 2716 407 2764 offeret,
435 2718 656 2768 accipiemus
681 2730 732 2754 ae-

156 2783 236 2820 quo
252 2778 291 2807 et
308 2771 471 2820 patiente
491 2771 626 2808 animo.
653 2770 732 2808 Da.
777 2787 779 2789 ¹

156 2822 315 2861 Gratum
353 2821 445 2859 mihi
481 2831 549 2861 est.
613 2821 730 2869 Hem,

156 2874 264 2914 fortis
291 2873 363 2911 hoc
380 2875 453 2912 ¹viri
483 2884 541 2912 est
571 2871 732 2913 officium

155 2927 285 2967 facere.
341 2925 410 2965 Ge.
449 2925 542 2979 Spes
566 2926 659 2965 mihi
693 2929 734 2965 in

157 2980 262 3020 nullo
282 2979 369 3026 alio,
388 2981 496 3030 quam
518 2981 558 3017 in
575 2993 635 3017 me
654 2981 735 3031 ipso

157 3035 231 3073 sita
260 3041 329 3071 est.
383 3032 460 3070 Da.
490 3031 620 3070 Laudo
651 3034 731 3070 ani-

156 3099 275 3125 mum.
330 3083 399 3123 Ge.
425 3083 486 3123 Ad
519 3085 732 3135 deprecato-

157 3144 238 3177 rem·
262 3137 466 3190 perfugiam
493 3124 648 3184 scilicet,
666 3139 730 3187 qui

156 3203 228 3244 pro
261 3202 321 3228 me
347 3191 482 3229 talibus
514 3189 631 3227 verbis
666 3189 734 3228 he-

767 105 825 157 P.
859 101 1205 156 TERENTII
1242 103 1605 161 PHORMIO.

790 245 899 297 Da.
935 244 1073 307 Non,
1096 243 1137 294 si
1161 243 1399 306 rediisset,
1421 245 1471 297 ei
1489 255 1627 314 pater
1649 247 1845 299 veniam
1871 248 2036 300 daret?

790 316 883 366 Ge:
921 314 1014 365 Ille
1034 314 1307 365 indotatam
1332 314 1578 382 virginem
1601 326 1748 386 atque
1773 319 2048 387 ignobilem
2131 317 2203 379 70

786 385 944 437 Dar-et
980 385 1089 436 illi?
1147 401 1405 453 nunquam
1449 386 1829 442 faceret.'⁴Da.
1867 390 1988 459 quid
2021 387 2079 440 fit
2115 387 2205 439 de-
2248 414 2250 416 ·

927 455 1079 523 nique
1099 456 1117 512 ἓ
2199 477 2204 482 ·

788 526 879 576 Ge.
917 525 1056 581 Quid
1079 525 1198 591 fiat?
1237 535 1310 577 est
1333 526 1572 594 parasitus
1595 526 1798 595 quidam
1820 529 2077 592 PhormiO,

786 597 961 647 Homo
986 586 1240 647 confidens
1260 617 1272 649 ι
1311 596 1416 665 qui,
1441 596 1587 648 illum
1612 598 1666 654 di
1688 615 1860 650 omnes
1884 599 2140 668 perduint!

785 667 896 719 Da.
934 667 1073 722 Quid
1113 668 1151 717 is
1188 667 1343 719 fecit?
1389 667 1482 733 Ge.
1516 668 1612 719 hoc
1650 668 2092 741 consilium,÷quod
2128 670 2204 723 di·

929 755 1060 801 cam,
1085 738 1253 791 dedit:
1421 791 1423 793 .
1789 782 1793 785 -

786 807 900 859 Lex
924 817 1013 873 est,
1034 819 1090 859 ut
1112 811 1262 873 orbae,
1287 809 1373 878 qui
1397 809 1502 880 Q
1516 826 1699 877 genere
1726 808 1976 877 proxumi,
2135 812 2204 874 75

786 879 854 930 Iis
876 880 1089 932 nubant:
1128 890 1179 930 et
1202 879 1311 931 illos
1336 880 1517 931 ducere
1542 880 1718 931 eadem
1741 879 1853 930 haee
1878 881 1960 930 lex
1976 878 2136 948 jubet.

788 949 903 1017 Ego
920 960 971 1000 te
995 959 1264 1018 cognatum
1291 950 1476 1014 dicam,
1495 959 1546 1001 et
1568 950 1662 1001 tibi
1676 950 1889 1002 scribam
1909 949 2102 1004 dicam:

791 1018 1062 1072 Paternum
1087 1021 1310 1072 amicum
1337 1039 1419 1072 me
1441 1020 1743 1072 assimulabo
1765 1019 1996 1088 virginis:

786 1090 866 1142 Ad
883 1089 1080 1160 judiees
1103 1092 1391 1148 veniemus:
1430 1091 1516 1161 qui
1540 1092 1691 1143 fuerit
1713 1101 1871 1160 pater,
2168 1103 2170 1105 ’

786 1162 918 1216 Quae
943 1170 1117 1228 mater,
1142 1164 1228 1231 qui
1252 1171 1464 1230 cognata
1486 1162 1579 1212 tibi
1602 1162 1694 1225 sit3
1733 1161 1905 1213 omnia
1922 1162 2042 1214 haec
2136 1167 2208 1216 80

787 1231 1102 1354 Confi‘rllgam.
1144 1233 1279 1302 quod
1297 1233 1391 1284 erit
1414 1232 1543 1284 mihi
1565 1234 1758 1285 bonum
1795 1243 1943 1302 atque
1979 1250 2209 1286 commo-

964 1321 1065 1355 um.
1930 1332 1932 1336 ⁴

787 1373 920 1425 Cum
943 1383 998 1424 tu
1016 1373 1197 1425 horum
1222 1373 1351 1425 nihil
1374 1376 1585 1438 refelleS,
1609 1375 1806 1427 vincam
1831 1373 2045 1428 scilicet.

786 1445 933 1496 Pater
954 1444 1142 1497 aderit:
1181 1444 1309 1495 mihi
1331 1454 1515 1514 paratae
1540 1446 1676 1499 lites:
1715 1445 1835 1514 quid
1859 1445 2003 1505 mea?
2110 1500 2116 1503 ,

785 1515 882 1567 Illa
906 1514 1108 1582 quidem
1134 1524 1300 1566 nostra
1323 1516 1432 1567 erit.
1468 1515 1578 1568 Da.
1603 1516 1880 1587 jocularem
1907 1514 2167 1567 audaciam
2192 1514 2207 1567 !

790 1586 884 1637 Ge.
921 1585 1217 1637 Persuasum
1242 1596 1314 1637 est
1349 1586 1580 1640 homini:
1616 1589 1820 1639 'factum
1852 1595 1959 1639 est:
1995 1595 2204 1638 ventum

928 1666 1030 1708 est:
1067 1656 1343 1710 vincimur:
2137 1661 2205 1708 85

783 1726 963 1780 Duxit.
1027 1725 1133 1782 Da.
1173 1728 1295 1796 quid
1333 1729 1532 1780 narras?
1589 1728 1684 1780 Ge.
1724 1727 1840 1792 hoc,
1877 1726 2015 1798 quod
2048 1726 2206 1780 audis·

926 1798 1036 1850 Da.
1073 1800 1104 1849 ὂ
1130 1797 1292 1850 Geta!

786 1868 926 1925 Quid
958 1880 1009 1921 te
1046 1870 1271 1921 futurum
1309 1872 1418 1922 est?
1461 1872 1555 1923 Ge.
1594 1868 1767 1921 nescio
1805 1867 2005 1920 hercle:
2042 1884 2203 1919 unum

927 1939 1024 1991 hoc
1048 1939 1182 2002 scio3

786 2011 939 2067 Quod
978 2012 1075 2062 fors
1110 2011 1252 2074 feret,
1284 2010 1502 2064 feremus
1525 2029 1670 2082 aequo
1693 2009 1877 2063 animo.
1947 2009 2057 2062 Da.
2094 2010 2205 2079 pla-

930 2090 1039 2133 cet:
1497 2115 1499 2118 <

787 2152 946 2215 Hem,
982 2153 1110 2203 istuc
1149 2150 1242 2203 viri
1280 2160 1354 2203 est
1388 2151 1632 2206 officium.
1707 2153 1802 2205 Ge.
1839 2151 1895 2204 in
1932 2167 2016 2202 me
2039 2148 2206 2203 omnis

925 2241 1034 2292 spes
1062 2222 1189 2274 mihi
1214 2232 1302 2274 est.
1934 2279 1947 2288 „

784 2294 893 2347 Da.
930 2294 1128 2417 LaludO.
1167 2293 1261 2345 Ge.
1296 2293 1360 2344 ad
1391 2304 1699 2363 precatorem
1725 2293 1902 2346 adeam
1926 2291 2092 2357 cred0,
2116 2290 2205 2361 qui

925 2365 998 2417 mi
1017 2366 1054 2417 11
2136 2367 2208 2414 90

787 2437 873 2489 Sic
896 2445 1033 2488 ore-t:
1069 2436 1223 2488 Nunc
1242 2435 1418 2487 amitte
1443 2454 1610 2505 quaeso
1633 2435 1800 2487 hunc:
1842 2435 2080 2487 caeterum

786 2508 998 2560 Posthac
1023 2507 1064 2559 si
1088 2507 1379 2576 quidquam,
1404 2506 1533 2559 nihil
1556 2525 1748 2576 precor.
1783 2503 2135 2558 tantummodo

784 2579 902 2630 Non
929 2578 1099 2644 addat3
1140 2578 1245 2629 Ubi
1268 2596 1362 2646 ego
1382 2577 1503 2629 hinc
1528 2577 1712 2641 abiere,
1736 2579 1816 2628 vel
1839 2574 2075 2633 occidite.

783 2649 893 2702 Da.
918 2649 1056 2704 Quid
1074 2649 1374 2718 paedagogus
1403 2647 1504 2712 ille,
1523 2649 1610 2718 qui
1633 2647 1981 2705 citharistriam
2001 2647 2019 2697 ?

784 2720 924 2781 Quid
943 2720 1014 2771 rei
1035 2720 1202 2788 gerit?
1245 2719 1339 2771 Ge.
1369 2718 1457 2783 sie,
1482 2719 1713 2772 tenuiter.
1782 2718 1892 2771 Da.
1931 2724 2033 2770 non‘
2068 2717 2203 2769 mul-

923 2801 1034 2842 tum
1059 2791 1208 2842 habet
2136 2791 2204 2838 95

783 2861 937 2918 Quod
991 2862 1075 2915 det
1125 2863 1340 2913 fortasse.
1418 2861 1513 2913 Ge.
1564 2860 1670 2911 imo
1720 2859 1864 2923 nihil,
1915 2857 2011 2910 nisi
2059 2874 2201 2927 spem

926 2950 1134 2986 meram.
1621 2935 1628 2950 ‘

785 3002 896 3055 Da.
934 3003 1079 3054 Pater
1113 3001 1216 3071 ejus
1242 3002 1403 3066 rediit,
1428 3020 1490 3053 an
1517 3001 1653 3052 non?
1695 3001 1784 3052 Ge.
1815 2998 2056 3051 nondum.
2092 2997 2206 3050 Da.

923 3073 1073 3141 quid?
1113 3092 1284 3124 senem
2199 3068 2206 3074 ’

783 3144 963 3199 Quoad
981 3145 1273 3214 exspectatis
1294 3143 1540 3195 vostrum?
1573 3142 1665 3192 Ge.
1691 3158 1790 3192 non
1812 3142 2003 3191 certum
2028 3138 2165 3191 scio:

91 3263 97 3270 ’
157 3255 241 3282 rum
266 3243 465 3294 propitium
488 3241 579 3280 mihi
599 3242 728 3281 faciat:
758 3241 934 3287 Dimitte,
963 3258 1066 3298 rogo,
1084 3245 1184 3284 hunc
1216 3246 1404 3296 impunem
1423 3257 1542 3289 nunc3
1571 3244 1599 3281 si
1628 3244 1711 3280 verb
1725 3241 1881 3294 posthac
1897 3243 2095 3292 quicquam
2113 3239 2205 3278 deli'⁴

159 3296 297 3346 querit,
313 3294 407 3333 nihil
425 3295 610 3346 deprecor.
660 3293 779 3334 Modo
798 3298 834 3334 id
859 3297 1018 3347 denique
1048 3312 1123 3335 non
1156 3297 1319 3346 adjiciat:
1350 3295 1546 3347 Postquam
1579 3295 1667 3334 hinc
1686 3296 1871 3346 profectus
1898 3295 2016 3339 fuero,
2046 3294 2078 3331 si
2097 3292 2204 3338 libet,

158 3349 269 3385 etiam
299 3346 400 3385 hunc
424 3348 634 3386 interficito.
693 3349 765 3387 Da.
793 3348 896 3392 Quid
914 3351 996 3387 verb
1019 3351 1094 3402 agit
1125 3349 1187 3387 ille
1218 3349 1435 3400 paedagogus
1471 3349 1634 3398 virginis,
1653 3346 1843 3386 Phaedria?
1875 3347 1945 3384 Ge.
1963 3345 2042 3392 Sic,
2059 3345 2205 3394 exigue.

162 3399 240 3438 Da.
266 3399 461 3438 Modicum
480 3399 631 3437 fortasse
649 3401 702 3438 illi
730 3412 786 3439 est
813 3402 910 3452 quod
927 3403 1003 3440 det.
1057 3402 1127 3441 Ge.
1154 3401 1236 3438 Ιιῃὸ
1253 3400 1362 3446 nihil,
1381 3402 1449 3439 nisi
1469 3396 1564 3439 nuda
1593 3415 1675 3453 spes
1704 3402 1739 3438 ei
1767 3409 1892 3439 restet.
1947 3399 2022 3437 Da.
2049 3395 2204 3435 Paterae

156 3452 238 3501 ejus
255 3453 405 3503 peregre
423 3465 583 3490 reversus
611 3462 680 3500 est,
711 3467 758 3491 an
777 3455 877 3492 non?
923 3454 993 3492 Ge.
1020 3453 1211 3492 Nondum.
1266 3453 1342 3491 Da.
1371 3451 1500 3496 Quid?
1530 3467 1659 3494 senem
1686 3462 1846 3493 vestrum
1862 3448 2140 3504 Demiphonem
2157 3448 2204 3489 nd

158 3505 259 3556 quod
275 3515 419 3557 tempus
437 3507 666 3558 expectatis?
699 3507 767 3546 Ge.
795 3505 962 3547 Incertus
980 3521 1062 3547 sum
1079 3506 1125 3546 de
1140 3505 1250 3558 hujus
1267 3506 1404 3545 reditu:
2091 3511 2094 3513 “
