2314 3944
1105 116 1212 167 244
1238 175 1259 189 Γ

519 363 925 437 ACTUS
985 359 1074 434 V.
1122 464 1126 467 ι
1171 362 1588 457 ΞΟΕΝΑ
1633 320 1803 469 vti.

531 574 899 649 DEMIPHO.
973 573 1336 628 PHORMIO.
1409 572 1784 628 CHREMES.

186 739 258 778 De.
285 737 369 779 Diis
405 741 553 779 meritas
587 740 706 779 verbis

154 794 263 832 fatias
302 804 387 845 age,
430 803 542 846 atque
582 795 708 832 animo

130 806 266 892 {ehem
307 845 435 894 frater,
476 860 544 899 pro
585 860 706 886 rerum

128 907 337 938 nostrarum
354 911 530 952 prospero
560 909 708 938 eventu.

125 949 247 990 Nunc
275 951 387 1004 quam
406 953 482 991 cito
498 966 708 1006 possumus,

128 1005 176 1043 ad
194 1003 460 1044 Phormionem
487 1007 594 1045 nobis
624 1018 710 1058 pro-

127 1058 334 1112 perandum
377 1071 449 1106 est,
493 1060 707 1111 priusquam

130 1109 317 1163 disperdat
371 1120 512 1150 nostras
556 1113 711 1165 triginta

130 1165 265 1211 minas,
290 1172 334 1203 ut
351 1178 412 1202 eas
440 1165 486 1203 ab
518 1166 599 1219 ipso
617 1167 710 1204 teci-

130 1218 290 1271 piamus.
316 1218 388 1256 Ph.
403 1216 547 1265 Visam,
564 1219 596 1257 si
610 1218 711 1257 domi

131 1279 202 1317 est,
213 1269 512 1323 Demiphonem,
522 1279 565 1309 ut
580 1272 713 1310 dicam.

131 1325 206 1363 De.
236 1323 292 1363 At
323 1336 391 1362 nos
421 1325 467 1363 ad
493 1333 532 1362 te
551 1324 712 1371 ibamus,

129 1373 333 1417 Phormim
363 1377 435 1415 Ph.
462 1376 527 1416 Ob
553 1377 707 1415 eandem

131 1430 286 1469 fortasse
300 1443 460 1469 causam.
489 1430 560 1469 De.
576 1429 635 1470 Ita
646 1443 711 1481 per

132 1480 350 1522 Herculem.
377 1484 448 1522 Ph.
466 1481 609 1523 Putavi.
632 1483 710 1522 Cur

131 1536 179 1575 ad
204 1549 266 1575 me
296 1535 431 1575 ibatis?
472 1535 566 1575 Risu
600 1536 712 1589 digna

132 1602 192 1628 res
211 1597 291 1628 est:
320 1602 411 1628 num
428 1589 643 1628 dubitabitis
662 1604 709 1628 an

130 1644 172 1683 id
215 1642 389 1690 facerem,
428 1656 560 1691 necne,
611 1643 712 1694 quod

86 1717 102 1725 ἡ
130 1696 385 1750 promisissem
401 1697 544 1734 semel?
588 1695 710 1743 Heus,

130 1749 616 1802 quantumvispauperculus
624 1750 712 1797 sim,

132 1811 174 1842 et
205 1803 246 1841 in
272 1804 377 1840 tenui
408 1815 461 1850 re,
489 1811 615 1840 tamen
640 1801 714 1841 huc

132 1869 254 1907 usque
297 1868 417 1894 unum
457 1853 530 1894 hoc
563 1856 715 1906 quidem

214 1908 320 1960 cipue
334 1909 473 1954 studui,
483 1917 527 1946 ut
535 1921 715 1947 servarem

165 1962 262 2000 dem.
313 1961 383 2000 Ch.
421 1959 608 2012 Nunquid
646 1962 716 2000 tibi

135 2017 240 2068 virgo
253 2014 330 2053 visa
342 2013 416 2052 fuit
429 2015 571 2066 ingenii
585 2015 719 2053 libera-

135 2068 200 2115 lis,
232 2076 270 2106 et
300 2067 496 2106 verecundi
513 2067 652 2113 vultus,
679 2075 719 2106 et

137 2120 318 2161 honesti?
377 2121 448 2159 De.
492 2119 720 2159 Admodum.

139 2176 212 2215 Ph.
225 2173 357 2225 Itaque
369 2173 414 2212 ad
425 2187 488 2212 vos
501 2174 609 2212 venio
622 2187 721 2212 nun—

138 2229 294 2274 ciatum,
311 2225 519 2278 Demipho,
538 2241 598 2265 me
617 2240 719 2279 para-

141 2286 224 2320 tum
247 2293 326 2318 esse
345 2279 389 2318 ad
416 2279 516 2318 illam
535 2281 721 2330 accipien-

141 2334 254 2372 dam:
283 2333 314 2370 si
337 2332 437 2371 vobis
453 2333 613 2381 videtur,
638 2347 721 2371 eam

141 2385 238 2426 mihi
258 2399 408 2424 uxorem
425 2385 570 2424 tradite.
621 2385 723 2424 Nam

141 2439 236 2487 huic
271 2439 326 2477 rei
361 2452 492 2477 omnes
530 2452 588 2477 res
623 2453 724 2478 meas

141 2491 355 2546 postposui,
389 2500 428 2530 et
462 2492 625 2544 neglexi,
664 2492 724 2530 uti

145 2545 371 2585 conveniens
405 2544 493 2591 fuit,
525 2553 724 2597 postquam

144 2609 224 2640 tarn
241 2596 481 2636 vehementer
507 2598 546 2636 id
571 2611 633 2636 vos
661 2611 726 2636 cu·

146 2665 235 2705 pere
280 2651 437 2702 erspexi.
480 2651 553 2689 De.
579 2651 632 2689 At
661 2664 726 2690 ex-

147 2705 234 2744 inde
283 2705 316 2741 ie
329 2701 508 2742 Chremes
520 2703 638 2742 'frater
650 2718 727 2743 me-

102 2802 106 2803 ⁷
145 2770 192 2797 us
209 2757 382 2795 dissuasit
409 2755 518 2803 mihi,
549 2771 597 2795 ne
625 2757 727 2795 illam

149 2811 221 2848 tibi
250 2809 396 2847 darem:
426 2807 528 2847 Nam
555 2811 619 2860 qui
651 2823 727 2848 ser-

150 2875 279 2902 mones
312 2862 413 2913 vulgi
458 2861 621 2900 ferentur
660 2876 728 2914 per

148 2916 297 2960 urbem,
311 2914 446 2965 inquit,
465 2915 496 2953 si
513 2915 549 2952 id
567 2914 724 2954 feceris?

150 2970 243 3008 olim
257 2968 343 3006 cum
368 2965 525 3006 honeste
542 2969 643 3019 virgo
661 2982 730 3019 po-

92 3027 101 3033 *
151 3023 226 3060 tuit
242 3021 318 3059 dari
334 3020 375 3057 in
393 3032 558 3067 uxorem,
577 3034 651 3058 non
667 3022 730 3058 da-

149 3083 190 3113 ts
200 3074 273 3112 fuit
284 3087 294 3109 τ
314 3083 415 3111 nunc
426 3083 622 3124 postquam
638 3087 732 3125 nup-

149 3128 202 3166 sit
219 3127 296 3164 filio
313 3134 381 3163 tuo
398 3123 625 3177 Antiphoni,
649 3125 730 3164 eam

154 3180 334 3231 privatam
352 3191 421 3217 suo
445 3179 538 3225 viro,
567 3189 610 3216 ut
627 3180 730 3216 vidu-

157 3245 218 3270 am
236 3232 319 3281 ejici
338 3231 491 3270 invitum
505 3241 614 3283 turpe
628 3240 698 3269 est.

760 740 864 794 De.
924 739 1053 791 Dns
1101 757 1318 809 magnas
1361 738 1542 791 merito
1591 736 1772 808 gratias
1821 735 1999 810 habeo,
2033 744 2184 808 atque

901 830 930 862 a
966 831 1014 876 0,

762 830 985 938 Quandgo
1007 900 1217 934 evenere
1240 883 1352 935 haec
1377 881 1538 946 nobiS‚
1561 881 1728 947 frater,
1745 879 1993 951 prospere.

762 952 1236 1022 Quantumvpotesss
1261 971 1399 1005 nunc
1436 953 1812 1005 conveniendus
1835 949 2075 1005 Phormio
2096 958 2189 1015 est,

763 1024 1063 1096 Priusquam
1088 1025 1328 1094 dilapidet
1352 1035 1541 1089 nostras
1564 1023 1771 1092 triginta
1795 1023 1980 1088 minaS,
2104 1020 2109 1026 ’

766 1095 839 1147 Ut
856 1100 1158 1148 auferamus
1196 1098 1296 1148 Ph.
1314 1095 1716 1166 Demiphonem‚
1736 1095 1777 1147 si
1797 1094 1936 1146 domi
1960 1101 2051 1165 est,
2153 1097 2189 1148 5.

763 1168 968 1220 Visam:
1029 1179 1086 1220 ut
1133 1169 1283 1238 quod.
1367 1167 1471 1220 De.
1529 1176 1582 1219 at
1634 1185 1724 1219 nos
1775 1167 1839 1218 ad
1888 1175 1940 1219 te
1976 1165 2190 1230 ibamus),

906 1239 1164 1292 Phormio.

765 1310 866 1362 Ph.
881 1305 978 1363 ⁴De
1002 1311 1179 1362 eadem
1205 1309 1306 1362 hac
1331 1311 1532 1363 fortasse
1557 1312 1745 1363 caussa.
1781 1310 1884 1363 De.
1910 1309 1981 1363 ita
2001 1307 2197 1362 hercle.·

907 1384 1006 1435 Ph.
1046 1381 1252 1434 credidi.

763 1452 904 1509 Quid
921 1454 985 1505 ad
1004 1472 1088 1506 me
1106 1453 1285 1505 ibatis?
1324 1453 1594 1506 ridiculum
1618 1474 1630 1505 :
1668 1471 1735 1506 an
1751 1451 2014 1518 veremini,

762 1525 845 1577 Ne
871 1527 972 1578 non
992 1525 1044 1577 id
1062 1526 1302 1590 facerem,
1327 1526 1463 1594 quod
1483 1525 1780 1596 recepissem
1804 1525 2000 1576 semel?

765 1596 931 1661 HeuS,
977 1609 1168 1667 quanta
1215 1608 1404 1668 quanta
1452 1596 1566 1649 haec
1613 1615 1730 1649 mea
1786 1604 2050 1666 paupertas
2103 1599 2200 1657 est‚·

903 1679 1078 1721 tamen
1874 1691 1881 1696 >·
2130 1669 2197 1725 lQ

765 1741 949 1792 Adhuc
969 1741 1139 1793 curavi
1157 1759 1320 1794 unum
1346 1740 1443 1792 hoc
1468 1739 1691 1810 quidem,
1713 1748 1772 1791 ut
1787 1739 1862 1790 mi
1883 1745 2011 1791 esset
2032 1733 2174 1789 fideS.
2200 1788 2202 1790 .

773 1812 866 1865 Ch.
905 1811 1066 1864 Estne
1089 1831 1149 1864 ea
1174 1814 1259 1877 ita,
1283 1821 1341 1864 ut
1364 1812 1486 1876 dixi,
1512 1812 1728 1864 liberalis
1749 1813 1766 1862 ?
1806 1811 1910 1863 De.
1937 1805 2142 1930 oppido.

768 1883 870 1935 Ph.
906 1882 1083 1952 Itaque
1107 1884 1171 1936 ad
1193 1903 1278 1935 vos
1301 1883 1452 1935 venio
1475 1883 1790 1946 nunciatum,
1814 1879 2006 1950 Demip
2043 1896 2092 1944 o,
2170 1941 2175 1947 ι

770 1954 1009 2007 Paratum
1034 1971 1118 2006 me
1142 1972 1246 2006 esse
1266 1975 1278 2008 :
1316 1953 1406 2005 ubi
1429 1953 1594 2018 voltiS‚
1616 1970 1825 2005 uxorem
1851 1953 1984 2018 date..

770 2027 908 2079 Nam
926 2026 1121 2078 omneis
1145 2025 1412 2095 posthabui
1437 2025 1565 2076 mihi
1585 2042 1678 2089 reS‚
1698 2024 1767 2075 ita
1790 2025 1865 2075 uti
1889 2040 1979 2094 par
1992 2020 2110 2086 fuit,

771 2098 1042 2167 Postquam
1076 2106 1335 2167 tantopere
1373 2096 1426 2149 id
1464 2114 1550 2148 vos
1588 2097 1719 2148 velle
1754 2094 1986 2148 animum
2022 2093 2201 2146 advor»

913 2180 1090 2221 teram„
2135 2167 2200 2216 16

774 2241 876 2294 De.
903 2241 973 2292 At
995 2240 1082 2292 hic
1096 2240 1391 2296 'dehortatus
1411 2248 1484 2290 est
1509 2257 1609 2303 me,
1628 2256 1694 2289 ne
1719 2236 1980 2321 illam'tibi
2002 2235 2201 2288 daremt

772 2312 909 2363 Nam
935 2311 1023 2381 qui
1048 2330 1220 2364 rumor
1241 2311 1336 2363 erit
1358 2310 1551 2380 populi,
1575 2309 1756 2380 inquit,
1775 2309 1816 2360 si
1840 2309 1892 2361 1d
1917 2307 2128 2360 feceris?

776 2382 918 2435 Olim
946 2385 1063 2434 cum
1088 2384 1297 2435 honeste
1321 2382 1502 2452 potuit,
1523 2392 1631 2433 tum
1662 2399 1763 2432 non
1784 2390 1858 2432 est
1881 2381 2027 2433 data:

777 2454 931 2507 Nunc
972 2454 1178 2507 viduam
1225 2454 1439 2519 extrudi,
1480 2464 1628 2522 turpe
1676 2461 1780 2506 est:
1827 2453 1986 2504 ferme
2024 2449 2202 2502 eadem

918 2526 1108 2590 omnia,
2134 2525 2208 2574 20

779 2596 912 2652 Quae
935 2605 1042 2648 tute
1067 2598 1259 2651 dudum
1287 2616 1455 2651 coram
1475 2615 1561 2648 me
1585 2595 1917 2649 incusaveraS.

779 2667 885 2721 Ph.
925 2668 1084 2720 Satin'
1119 2671 1330 2741 superbe
1355 2669 1580 2722 inluditis
1605 2686 1705 2721 me.
1779 2667 1885 2720 De.
1922 2670 2009 2738 qui
2025 2667 2057 2719 k
2101 2664 2208 2719 Ph.

781 2742 1234 2864 Qiiiariigzslieram
1261 2812 1466 2882 quidem
1491 2812 1632 2864 illam
1658 2820 1830 2880 potero
1848 2810 2046 2861 ducere.

779 2881 917 2933 Nam
961 2901 1063 2951 quo
1108 2884 1282 2937 redibo
1328 2901 1414 2936 ore
1467 2885 1532 2936 ad
1573 2901 1702 2947 eam,
1745 2897 1897 2952 quam
1943 2885 2226 2948 contemp-·¹

924 2955 1017 3004 ser'
1097 2956 1114 3007 ?

787 3022 878 3076 Ch.
915 2973 1074 3077 Tugln
1089 3035 1260 3079 autem
1285 3025 1633 3095 Antiphonem
1658 3022 1803 3074 video
1837 3023 1902 3074 ab
1926 3039 2033 3074 sese
2056 3020 2208 3144 ατηί2ῒέ

923 3104 1031 3147 tere

743 3230 923 3284 Denique
940 3234 1038 3284 pene
1053 3234 1179 3271 omnia
1193 3246 1254 3270 me
1268 3234 1428 3278 monuit,
1444 3246 1527 3283 quoe
1554 3241 1637 3270 tute
1656 3233 1875 3283 jampridem
1895 3244 2016 3271 coram
2031 3243 2092 3269 me
2117 3241 2230 3282 praes

154 3293 263 3326 sente
278 3284 526 3336 redargueras.
552 3285 623 3322 Ph.
641 3282 741 3322 Satis
771 3295 983 3336 arroganter
1000 3299 1063 3323 vos
1077 3299 1137 3324 me
1153 3285 1358 3323 ludificans.
1400 3286 1468 3323 De.
1489 3285 1579 3328 Quo
1606 3286 1743 3323 modo?
1776 3286 1845 3323 Ph.
1864 3283 2061 3329 Qumisne
2080 3280 2208 3321 istud?

156 3338 247 3388 quia
264 3350 312 3375 ne
325 3337 477 3375 alteram
492 3337 642 3387 quidem
659 3337 759 3375 illam
774 3339 969 3389 virginem,
983 3352 1067 3389 quae
1084 3337 1178 3375 mihi
1193 3350 1327 3389 sponsa
1344 3346 1435 3384 erat,
1451 3347 1579 3389 potero
1593 3352 1742 3375 uxorem
1760 3337 1909 3375 habore.
1937 3336 2037 3375 Nam
2055 3347 2212 3388 quomo·

157 3390 207 3427 do
227 3399 374 3439 potero,
393 3390 461 3426 nisi
479 3390 547 3426 sim
565 3390 758 3441 insigniter
784 3390 993 3441 impudens,
1017 3404 1098 3428 eam
1122 3392 1254 3427 iterum
1277 3400 1416 3441 petere,
1439 3405 1549 3441 quam
1577 3393 1804 3441 respuerim?
1837 3389 1908 3431 Ch.
1926 3389 1986 3430 Tu
2000 3390 2110 3430 etiam
2129 3386 2211 3431 dici

157 3439 280 3481 Video
296 3450 473 3496 praeterea
488 3441 743 3496 Antiphonem
762 3444 998 3496 impatienter
1013 3442 1122 3491 ferre,
1141 3453 1179 3481 et
1197 3457 1270 3481 non
1291 3444 1359 3481 nisi
1378 3453 1546 3483 coactum
1560 3446 1635 3497 pati

1024 3588 1360 3628 ANNOTATIO.

558 3690 582 3721 4
613 3683 832 3737 Dilapidet.]
886 3684 1109 3738 Duapidare
1125 3694 1180 3724 est
1197 3685 1296 3726 bona
1318 3694 1357 3726 et
1376 3684 1618 3726 substantiam
1635 3685 1824 3739 dissipare.
