2352 3952
966 158 1406 224 EPISTOLA.

152 326 282 409 pria
304 347 482 406 quam
514 345 808 398 exerceaS,
851 333 1093 402 paterna
1123 347 1300 403 quam
1336 326 1573 389 imiteris
1594 350 1629 403 ;2
1658 332 1843 411 majus
1886 340 2080 390 tamen
2113 328 2215 389 ali·

154 431 296 511 quid
337 429 619 490 institutio
667 428 928 501 contulit,
973 428 1354 506 sapientiam,
1409 429 1490 490 ita
1531 442 1700 493 natus
1747 454 1825 506 eS,
1871 443 1936 493 ut
1975 432 2214 492 maximi

152 556 320 616 reges
347 536 554 606 solent,
579 532 660 592 ita
688 533 973 591 educatus
1007 542 1070 591 ut
1092 531 1316 610 optimi.
1408 532 1614 611 Ecqua
1641 536 1792 596 enim
1817 537 1924 596 fuit
1953 557 2212 616 unquam

155 638 451 713 solicitior,
490 648 591 697 aut
634 634 890 696 sanctior
931 635 991 694 in
1025 635 1169 695 aulis
1213 635 1562 715 disciplina?
1607 638 1803 700 Deum
1836 663 1905 700 ac
1947 650 2216 719 parentes

156 744 367 816 colere,
409 760 641 804 servare
682 739 925 805 modum
972 738 1030 798 in
1069 741 1262 815 rebuS‚
1294 741 1541 801 blandas
1581 743 1938 804 adulantium
1979 746 2216 804 fraudes

155 846 414 927 rejicere,
471 844 726 906 tribuere
769 865 934 903 suam
981 843 1192 922 cuique
1240 844 1492 919 laudem,
1550 844 1806 927 benigne
1845 839 2096 928 singulos
2147 868 2218 907 ac

155 951 472 1011 liberaliter
499 948 788 1028 excipere,
815 948 955 1008 dare
989 968 1229 1026 operam
1260 948 1465 1008 studiis
1495 949 1814 1024 literarum,
1845 962 1903 1012 et
1935 953 2216 1031 quidquid

158 1066 251 1116 est
278 1057 565 1116 bonarum
596 1052 806 1112 artium
851 1051 1047 1114 animo
1078 1054 1406 1133 complecti,
1441 1054 1565 1114 haec
1594 1066 1726 1115 sunt
1764 1056 2065 1134 sapientiae
2096 1077 2221 1116 mo-

157 1161 300 1235 nita,
335 1182 467 1240 quae
496 1170 556 1220 et
594 1160 862 1218 lubenter
892 1158 1077 1233 audiS,
1114 1170 1176 1218 et
1203 1172 1411 1238 sponte
1453 1159 1729 1236 sequeris.
1823 1159 1978 1221 Hinc
2009 1181 2118 1243 ego
2159 1161 2220 1220 in

161 1287 296 1327 eam
339 1287 503 1345 spem
536 1265 707 1326 facile
741 1267 1018 1340 adducor,
1050 1265 1138 1327 Te
1175 1267 1288 1326 hoc
1332 1267 1758 1345 qualecumque
1796 1254 1870 1327 sit
1905 1289 2220 1356 munuscu-

158 1373 302 1446 lum,
335 1391 453 1430 non
486 1390 615 1447 esse
655 1370 1108 1450 despectui-um3
1155 1370 1372 1450 quippe
1404 1392 1512 1431 nec
1543 1382 1642 1431 tua
1685 1371 1742 1430 id
1773 1371 1921 1432 sinet
1956 1372 2222 1432 humani-

155 1463 268 1550 tas,
307 1497 439 1554 quae
469 1497 701 1535 summa
731 1487 836 1548 est,
859 1497 968 1536 nec
1000 1487 1135 1536 tuus
1163 1475 1222 1535 in
1254 1471 1376 1535 rem
1406 1474 1714 1535 literariam
1744 1497 1924 1550 amor,
1947 1475 2046 1554 qui
2075 1496 2221 1556 quo·

159 1581 383 1642 tidiano
414 1578 737 1640 studiorum
772 1601 880 1639 usu
910 1579 1098 1654 alitur,
1148 1591 1207 1639 et
1251 1590 1512 1662 augetur.
1601 1579 1823 1657 Accipe
1853 1596 2007 1661 erge,
2045 1581 2223 1642 DEL-

163 1684 389 1748 ΡΗΙΝΕ
424 1685 910 1758 SERENISSIME,
944 1683 1334 1745 venustissimi
1381 1684 1572 1762 po'etae
1616 1685 1952 1758 comoediae„
1997 1684 2054 1745 in
2092 1679 2224 1765 'qui-

160 1797 275 1852 bus
306 1801 367 1851 et
399 1789 590 1849 Latini
621 1787 905 1850 sermonis
936 1782 1300 1871 elegantiam,
1334 1800 1394 1848 et
1431 1788 1618 1847 vivam
1665 1809 1891 1876 morum
1927 1784 2225 1869 civilisque

164 1896 468 1977 sapientiae
511 1889 842 1977 imaginem,
874 1906 935 1957 et
963 1892 1234 1969 urbanOS,
1270 1915 1387 1954 non
1426 1894 1595 1954 unius
1641 1892 1819 1954 modo
1849 1894 2072 1968 comici,
2121 1898 2225 1957 sed

166 2006 423 2067 virorum
453 2004 628 2064 etiam
654 2003 712 2062 in
745 2001 1017 2061 Romana
1047 1999 1346 2079 republica
1374 2000 1717 2078 principum,
1757 1999 1919 2059 Laelii
1949 2021 2017 2059 ac
2046 2001 2228 2081 Scipi-

166 2114 314 2186 oniS,
340 2112 510 2192 jocos
535 2107 810 2170 invenias,
902 2106 1148 2166 Servent
1177 2104 1266 2163 Te
1296 2102 1394 2162 diu
1433 2103 1556 2162 fata
1599 2103 1722 2184 regi>
1761 2114 1820 2162 et
1862 2123 2044 2186 regno
2069 2098 2228 2166 inco·-

167 2219 408 2292 lumem,
456 2227 516 2276 et
551 2211 851 2275 Ludovico
895 2209 1131 2292 Magno
1163 2208 1390 2287 parenti
1420 2220 1522 2268 tuo
1554 2228 1751 2286 parem
1792 2208 1880 2268 Te
1929 2205 2222 2288 praestent,

168 2322 309 2404 quia
339 2321 619 2402 majorem
651 2338 767 2378 non
800 2314 1061 2397 possunt.
1153 2315 1303 2374 Haec
1332 2326 1467 2374 sunt
1498 2326 1649 2388 vota,

926 2464 1303 2526 DELPHINE
1333 2460 1812 2538 SERENJSSIRIE,

1048 2585 1427 2649 Devotissimi
1455 2595 1513 2646 e't
1542 2585 1845 2646 humillimi
1868 2586 2146 2646 servi-tui
2206 2662 2210 2666 .

1455 2712 1834 2776 Fnssnssmm
1870 2711 2224 2785 LEONA-RD,
