2340 3964
1034 91 1592 192 reomaensi-Em

447 277 612 330 Tertia
630 290 746 330 aetas
751 278 855 328 fuit
877 276 1132 328 Menandri
1150 288 1199 328 et
1221 272 1552 345 Philemonis,
1551 281 1631 346 qui
1647 285 1837 331 ‘omnem
1838 274 2184 342 'acerbitatem'

448 348 700 396 comoediae
723 347 1074 419 mitigaverunt,
1098 354 1239 409 atq-ue
1260 343 1540 413 multiplicia
1554 363 1607 395 ar
1675 357 1833 395 menta
1847 349 2030 396 Graecis
2046 354 2186 397 atio*

449 414 632 461 toribus
665 412 813 458 secuti
847 411 969 458 sunt
1036 411 1113 458 Ab
1148 411 1220 458 his
1253 411 1483 461 Romani
1489 410 1613 462 fabu
1630 429 1680 461 as
1712 413 2050 462 transtulerunt
2069 421 2106 459 τ·
2115 419 2189 462 et*

449 487 638 526 constat
670 471 795 539 apud
832 475 936 522 illos
973 476 1177 538 primum
1210 475 1382 523 Latino
1413 473 1626 529 sermone
1659 479 1944 526 comoediam
1980 478 2187 526 Livium

448 541 779 589 Andronicum
814 540 1069 603 scripsisse.
1135 543 1255 589 Sunt
1287 542 1365 606 qui
1401 543 1548 589 velmt
1578 543 1955 613 Epicharmum
1943 560 1993 591 m
2016 542 2171 591 insula

449 608 535 654 Co·
551 607 840 660 exulantem,
879 609 1084 670 primum
1118 606 1212 654 hoc
1246 622 1449 654 carmen
1459 604 1798 681 frequentasse,
1837 619 1886 656 et
1917 609 1987 656 sic
2015 608 2050 656 a
2082 611 2168 664 Co,
2220 658 2223 663 ,

447 672 733 719 comoediam
758 671 866 719 dici.
930 674 1088 720 Antea
1112 675 1267 735 itaque
1290 668 1477 735 galeris,
1509 677 1602 719 non
1625 676 1850 736 personis,
1882 675 2171 722 utebantur·
2154 709 2172 734 ‚

448 747 503 784 ut
524 739 729 812 qualitas
751 738 921 784 coloris
943 737 1167 786 indicium
1194 737 1373 786 faceret
1398 739 1568 793 aetatis,
1602 738 1746 806 quum
1767 749 1939 787 essent·
1953 748 2035 787 aut
2043 740 2173 796 albi,

450 812 533 850 aut
553 804 692 866 nigri,
717 813 798 850 aut
821 803 922 852 ruti.
973 802 1207 852 Personis
1239 797 1353 851 reio
1375 804 1443 851 uti
1466 805 1644 867 primus
1667 805 1814 867 coepit
1835 803 2044 853 Roscius
2053 805 2175 852 Gal-

450 869 540 924 lus,
567 870 837 934 praecipuus
861 869 1038 924 histrio,
1073 871 1154 934 qui
1178 870 1327 918 oculis
1350 870 1560 917 obversis
1582 879 1698 924 erat,
1730 885 1819 916 nec
1839 871 1952 918 satis
1972 869 2187 922 decorus,

451 935 500 982 in
526 936 761 998 personis,
773 935 860 981 nisi
886 935 1115 997 parasitos
1134 936 1494 998 pronunciabat.
1540 936 1681 983 Initio
1701 935 1905 998 Togatoe·
1919 930 2181 984 comoediae'

451 999 747 1057 dicebantur,
784 998 908 1064 quod
934 1001 1097 1048 omnia
1120 1013 1168 1048 rn
1190 1002 1385 1065 publico
1406 1001 1585 1049 honore
1607 1000 1801 1048 confusa
1815 995 2193 1050 cernebantur:

452 1082 562 1128 quae
586 1064 786 1128 Togatae
806 1065 975 1129 postea
1009 1067 1054 1113 in
1091 1066 1404 1115 Praetextatas
1425 1076 1472 1114 et
1495 1067 1805 1114 Tabernarias
1828 1065 2178 1115 dividebantur.

449 1131 651 1195 Togatae
674 1131 848 1179 fabulae
864 1131 1101 1186 dicuntur,
1117 1144 1225 1197 quae
1247 1134 1440 1196 scriptae
1462 1143 1572 1180 sunt
1595 1133 1855 1181 secundum
1881 1132 1999 1179 ritus
2021 1143 2070 1180 ot
2087 1132 2179 1180 ha·-

453 1197 582 1244 bitus
618 1197 862 1246 hominum
901 1207 1186 1262 togatorum,
1224 1199 1270 1247 id
1311 1209 1402 1254 est,
1443 1199 1763 1246 Romanorum
1806 1203 1942 1261 (toga
1975 1211 2182 1262 namque

455 1263 672 1311 Romana
706 1264 818 1322 est),
855 1262 977 1310 sicut
1016 1264 1212 1312 Graecas
1251 1263 1435 1312 fabulas
1474 1265 1534 1312 ab
1573 1265 1737 1312 habitu
1781 1263 1918 1327 aeque
1964 1263 2184 1312 palliatas

453 1329 607 1377 Varro
632 1329 698 1375 ait
721 1329 967 1379 nominari.
1034 1329 1265 1398 'Iogatas
1274 1339 1450 1385 autem,
1483 1347 1628 1394 quum
1660 1331 1719 1376 sit
1747 1329 1992 1404 generale
1989 1345 2193 1398 nomen,

453 1394 722 1458 specialiter
761 1404 919 1441 tamen
960 1411 1046 1458 pro
1082 1397 1400 1451 Tabernariis,
1437 1412 1534 1443 non
1573 1395 1714 1443 modo
1755 1395 2031 1443 communis
2055 1408 2186 1443 error

454 1471 663 1523 usurpat,
686 1461 796 1520 quia
818 1461 1023 1507 Fannius
1040 1461 1247 1525 Togatas
1265 1462 1487 1526 appellat,
1510 1461 1593 1508 sed
1610 1471 1659 1508 et
1678 1466 1851 1524 poetae,
1874 1472 1928 1508 ut
1946 1460 2185 1515 Horatius,

455 1527 538 1589 qui
573 1526 653 1580 ait,
690 1526 765 1573 Vel
795 1528 873 1588 qui
903 1527 1162 1582 Praetexta-s,
1195 1530 1265 1574 vel
1295 1529 1374 1591 qui
1397 1528 1586 1574 docuere
1614 1530 1847 1591 Togatas.
1891 1526 2196 1590 Togatawm

458 1592 727 1640 fabularum
753 1591 936 1654 species
957 1601 1028 1654 tot
1050 1591 1148 1640 fere
1167 1601 1291 1647 sunt,
1313 1601 1430 1656 quot
1446 1602 1494 1638 et
1514 1591 1842 1640 Palliatarum.
1890 1592 2022 1640 Nam
2033 1592 2194 1662 prima

458 1658 644 1722 species
663 1668 735 1704 est
757 1657 800 1704 Γ
801 1667 1064 1725 ogatarum,
1099 1674 1208 1722 quae
1234 1659 1543 1706 Praetextatae
1566 1657 1800 1712 dicuntur,
1829 1658 1876 1704 in
1900 1658 2105 1720 quibus
2096 1671 2185 1705 im·

459 1733 731 1788 peratorum
765 1723 959 1786 negotia
993 1725 1258 1788 agebantur
1291 1735 1339 1772 et
1375 1724 1585 1787 publica,
1621 1733 1669 1775 et
1703 1740 1840 1788 reges
1872 1723 2076 1781 Romani
2109 1723 2197 1771 vel

459 1790 606 1837 duces
638 1788 937 1844 inducuntur,
975 1805 1281 1853 personarum
1314 1789 1562 1852 dignitate,
1602 1799 1650 1836 et
1685 1789 2095 1854 argumentemur
2108 1791 2195 1842 'sui

460 1855 695 1903 blimitate
733 1854 980 1917 tragoediis
1017 1855 1209 1904 similes·
1275 1856 1581 1904 Praetextatae
1617 1863 1774 1902 autem
1813 1855 2046 1910 dicuntur,
2071 1845 2192 1916 quia

463 1921 562 1969 sere
589 1937 754 1985 regum
780 1922 851 1966 vel
885 1921 1262 1984 magistratuum,
1297 1922 1376 1984 qui
1412 1920 1647 1984 praetexta
1681 1930 1890 1974 utuntur,
1944 1921 1992 1967 in
2027 1919 2193 1982 hofls-

460 1986 589 2034 modi
610 1985 783 2033 fabulis
801 1996 908 2033 acta
929 1987 1409 2050 cotnpimehenduntur
1447 1987 1663 2034 Secunda
1668 1986 1862 2051 species
1883 1984 2191 2049 Togatarum,

462 2067 587 2116 quae,
592 2052 897 2100 Tabernariae
921 2051 1158 2107 dicuntur,
1194 2053 1456 2100 humilitate
1489 2068 1794 2116 personarum
1812 2061 1870 2098 et
1886 2055 2191 2116 argumento·-

462 2134 568 2166 rum
591 2118 915 2174 similitudine,
949 2117 1196 2166 comoediis
1217 2133 1372 2182 pares,
1407 2118 1456 2165 in
1479 2118 1649 2182 quibus
1672 2133 1766 2164 non
1790 2117 2097 2181 magistratus
2108 2133 2193 2164 re-

465 2199 658 2248 gesque,
683 2183 760 2231 sed
787 2183 989 2231 humiles
1010 2184 1226 2232 homines
1247 2194 1295 2232 et
1317 2184 1516 2259 privatae
1538 2183 1707 2231 domus
1726 2183 2046 2230 inducuntur:
2082 2197 2214 2246 quae·
2249 2183 2252 2187 ’

464 2249 592 2313 quod
615 2249 728 2296 olim
747 2250 926 2296 tabulis
949 2259 1235 2313 tegerentur,
1271 2250 1587 2298 communiter
1618 2249 1927 2296 Tabernariae
1950 2249 2192 2297 vocaban-
2262 2286 2272 2296 ,,

2305 532 2331 589 ἔ

2306 1046 2340 1091 ss

464 2326 555 2363 tur.
608 2315 783 2362 Tertia
801 2316 1005 2379 species
1008 2324 1079 2362 est
1100 2313 1368 2363 fabularum
1393 2317 1682 2369 Latinarum,
1707 2331 1813 2379 quae
1838 2331 1868 2362 a
1891 2315 2083 2364 civitate
2104 2314 2198 2362 Os-
2262 2301 2278 2323 ⁸
2307 2301 2310 2306 Δ

467 2397 631 2429 corum
653 2381 847 2436 Attella,
883 2382 932 2428 in
956 2380 1050 2443 qua
1075 2381 1283 2445 primum
1307 2393 1500 2444 coeptae,
1524 2381 1778 2431 Attellauae
1800 2381 1943 2428 dictae
1967 2383 2094 2436 suut,
2105 2395 2194 2427 ar·

468 2447 704 2510 gumentis
748 2445 980 2510 dictisque
1015 2447 1308 2508 jocularibus
1348 2449 1525 2496 similes
1569 2448 1742 2526 satyris
1786 2445 1978 2494 fabulis
1995 2447 2193 2494 Graecis.

466 2517 648 2562 Quarta
672 2513 852 2576 species
876 2522 947 2559 est
969 2510 1256 2575 Planipedis,
1281 2513 1448 2562 Graece
1475 2513 1650 2560 dicitur
1670 2510 1837 2578 ,utma-
1893 2511 2012 2561 Ideo
2035 2521 2198 2560 autem

469 2578 635 2626 Latine
663 2577 898 2643 Planipes,
934 2576 1061 2642 quod
1085 2587 1266 2626 actores
1288 2580 1443 2644 planis
1465 2558 1682 2643 pedibus,
1716 2563 1765 2626 id
1788 2587 1872 2633 est,
1905 2577 2075 2634 nudis,
2084 2593 2196 2639 pro-

467 2645 683 2692 scenium
707 2644 987 2704 introirent3
1022 2660 1118 2692 non
1141 2653 1193 2692 ut
1215 2646 1387 2710 tragici
1410 2656 1592 2693 actores
1613 2661 1724 2693 cum
1749 2642 2008 2700 cothurnis,
2042 2656 2198 2706 neque

469 2721 520 2758 ut
543 2709 712 2758 comici
738 2726 847 2757 curn
871 2709 1021 2766 soccjs
1043 2709 1171 2766 olim,
1207 2727 1303 2760 non
1338 2713 1386 2759 in
1418 2720 1643 2776 suggestu
1668 2727 1843 2764 scenae,
1879 2709 1996 2757 sed
1976 2716 2032 2758 ui
2054 2708 2197 2772 pleno

467 2777 677 2823 orchesti
680 2793 719 2823 ae
733 2776 898 2840 positis
914 2776 1232 2824 instrumentis
1247 2778 1450 2826 mimicis
1463 2778 1726 2841 agitabant.
1757 2775 1899 2836 Cujus
1913 2772 2197 2836 Planipedis‚

467 2843 643 2889 Accius
655 2840 946 2906 Togatarum
967 2842 1168 2905 scriptor
1188 2844 1250 2888 ita
1268 2844 1318 2890 in
1334 2842 1548 2891 AEdilitia
1569 2842 1731 2890 fabula
1750 2840 1996 2889 meminit:
2019 2839 2200 2886 Datum

470 2915 543 2953 est
560 2923 740 2962 aurum,
766 2908 947 2954 exultat
963 2908 1194 2971 planipes.
1249 2909 1295 2955 Si
1315 2926 1430 2972 quas
1448 2918 1603 2955 tamen
1623 2923 1686 2954 ex
1703 2908 1851 2954 soccis
1869 2904 2054 2952 fabulas
2073 2904 2201 2951 fece·

470 2981 592 3028 rant,
616 2991 665 3036 p
652 2974 797 3021 illiati
818 2973 1214 3036 pronunciabant
1270 2974 1455 3037 Togata
1476 2982 1773 3036 praetextata,
1797 2989 1826 3019 a
1848 2969 2085 3035 tragoedia
2107 2969 2199 3016 dif-

470 3035 576 3085 fert.
630 3040 687 3086 In
711 3037 948 3102 tragoedia
972 3038 1134 3086 heroes
1154 3039 1529 3087 introducuntur.
1584 3037 1816 3085 Pacuvius
1839 3035 2097 3099 tragoedias
2115 3051 2203 3083 no-

469 3103 677 3151 minibus
699 3104 904 3152 heioicis
929 3104 1118 3167 scripsit
1141 3105 1235 3151 Or:
1214 3115 1355 3160 e,sten
1393 3105 1625 3168 Chrysen,
1656 3115 1704 3150 et
1726 3103 1797 3150 his
1819 3102 2006 3150 similia.
2077 3101 2204 3148 Item

468 3168 658 3217 Accius.
724 3171 782 3217 In
807 3171 1094 3232 praetextata
1118 3179 1274 3218 autem
1312 3171 1530 3218 scribitur
1565 3169 1754 3224 Brutus,
1787 3168 1864 3215 vel
1897 3168 2110 3223 Decius»,
2128 3167 2206 3214 vel

471 3233 751 3282 Marcellus,
795 3235 838 3281 Γ
839 3245 981 3299 ogata
995 3236 1297 3284 tabernaria
1277 3252 1306 3283 a
1319 3235 1557 3283 comoediu
1572 3234 1743 3289 diflert,
1762 3230 1915 3296 quod
1903 3249 1951 3280 in
1966 3230 2209 3282 comoedia

472 3292 635 3348 Graeci
660 3302 775 3347 ritus
793 3301 1082 3348 inducuntur
1100 3318 1410 3375 personaeque
1433 3303 1631 3355 Giaecae,
1658 3300 1854 3355 Laches,
1880 3299 2120 3353 Sostrata·
2158 3297 2209 3345 in

472 3364 599 3412 ills
573 3365 683 3414 vero
704 3367 905 3413 Latinae.
941 3366 1151 3430 ‘legatas
1171 3367 1487 3415 tabernarias
1477 3384 1522 3413 iu
1540 3382 1730 3413 scenam
1749 3366 2061 3412 ductaverunt
2082 3379 2210 3426 prae-

471 3431 611 3494 cipue
637 3431 748 3487 duo,
775 3431 1003 3480 Afranius
1015 3444 1063 3478 et
1086 3434 1287 3481 Quintus
1311 3433 1505 3480 Ennius.
1565 3432 1689 3479 Nam
1712 3430 1963 3478 Terentius
1985 3440 2034 3477 et
2053 3429 2209 3476 Caeci-

430 3547 435 3550 ,
470 3497 560 3542 lius
583 3497 840 3544 comoe‹lias
864 3498 1167 3560 scripserunt.
1237 3498 1405 3546 Latina
1440 3493 1697 3551 Attellana,
1733 3512 1762 3543 a
1795 3494 1970 3543 Graeca
1999 3492 2209 3558 satyrica

469 3561 641 3617 distent,
676 3562 838 3626 quod
828 3579 875 3609 in
899 3563 1108 3624 satyrica
1135 3563 1232 3611 fere
1256 3574 1523 3627 satyrorum
1551 3579 1764 3625 personae
1791 3562 2095 3614 inducuntur,
2129 3571 2211 3604 aut

469 3628 506 3676 si
527 3645 636 3691 quae
662 3639 772 3678 sunt
797 3629 1007 3678 ridiculoe
1030 3630 1205 3680 similes
1239 3639 1343 3679 satv
1351 3630 1427 3687 ris,
1454 3629 1731 3692 AutolycuS,
1753 3624 1942 3701 Buriis·
1980 3625 2028 3675 in
2051 3623 2208 3674 Astel-

2325 3707 2340 3737 Α·
