2340 3964
122 91 262 164 lxxii

1050 104 1605 185 raonsGoMeNA
1863 60 1911 147 “³³3
1947 68 1949 70 ’

462 254 735 311 fulciantur,
769 271 885 330 quas
908 255 1130 302 Erasmus
1154 255 1193 302 si
1212 245 1490 320 diligentius
1511 259 1837 317 recensuisset,
1869 272 1966 306 non
1987 264 2207 330 transtu

461 321 593 370 iisset
615 322 997 384 praepositionem
1019 331 1073 368 ex
1097 321 1146 366 in
1171 319 1368 368 Andriae
1427 323 1618 388 roingo:
1654 320 1777 380 sic,
2104 357 2118 362 -
2186 362 2200 385 ,

599 390 690 440 Qui
707 389 809 449 bene
830 384 1054 438 vertendo,
1077 395 1118 430 et
1138 401 1215 430 eas
1238 339 1527 439 desoriferffl
1546 386 1677 446 male,
1699 405 1757 437 ex

600 451 775 498 Graecis
800 449 938 505 bonis,
966 450 1289 508 Latinasfecz‘t
1311 467 1400 499 non
1425 451 1572 501 bonas.

526 535 668 584 Quod
698 534 933 599 equidem.
943 545 997 581 ut
1019 551 1116 582 non
1146 534 1380 598 improbO,
1422 536 1489 582 ita
1519 505 1766 588 consilium
1789 556 1885 588 non
1910 538 2064 597 laudo,
2097 556 2198 604 quo

460 601 692 650 adductus
726 611 812 655 est,
846 610 900 647 ut
924 599 971 646 id
1006 599 1199 656 faceret,
1236 602 1300 647 ob
1335 601 1712 664 amphimacrum
1734 606 1997 654 vitandum.
2063 606 2131 652 At
2152 605 2195 653 si

461 668 537 714 his
559 667 820 714 rationibus
843 682 939 713 non
960 667 1240 729 acquiescat,
1268 667 1513 728 exemplis
1545 667 1715 716 saltem
1739 671 1930 719 credere
1953 680 2189 734 cogatur.
2176 679 2213 699 ‘⁴

461 749 570 795 quae
592 748 862 796 quanquam
890 732 1127 778 habebam
1153 731 1275 806 pene
1299 731 1497 786 infinita,
1535 742 1692 780 tamen
1716 744 1766 781 et
1785 737 1936 784 multa
1958 738 2109 792 omisi,
2141 736 2192 784 in

460 799 632 860 quibus
654 806 844 861 possent
866 797 1197 861 tergiversari.
1235 805 1285 844 et
1307 798 1399 844 alia
1421 797 1558 844 firma
1580 797 1705 860 pene
1732 799 1991 856 innumera,
2015 817 2078 848 ne
2101 811 2194 849 taea

459 865 592 911 dium
615 872 857 928 parerent:
896 863 1061 926 paucis
1084 862 1230 926 igitur
1251 864 1460 910 contenti
1495 864 1653 910 simus.
1718 864 1800 912 Ex
1825 865 2022 932 Hecyra
2045 866 2192 931 igitur

422 976 424 979 ,
461 929 576 977 etim
602 929 718 976 illud
743 945 984 992 possemus
1004 927 1268 975 adducere:

595 998 714 1043 Eam
738 996 1038 1041 calamitatem
1061 1004 1208 1040 vestra
1230 992 1558 1068 intelligentia:

457 1060 809 1136 supersedimus
833 1059 1014 1106 duabus
1047 1059 1115 1106 de
1143 1059 1323 1108 causis:
1360 1061 1586 1124 quoniam
1621 1068 1670 1108 et
1703 1059 1795 1124 ipsi
1830 1059 2061 1124 liquidam
2093 1076 2192 1111 non

459 1127 706 1191 geminant
737 1126 784 1172 in
817 1116 1060 1189 postrema
1090 1124 1330 1173 dictione·
1367 1136 1416 1173 et
1448 1142 1534 1173 nos
1567 1142 1846 1189 pronomen,
1885 1126 2010 1191 quod
2036 1127 2194 1191 primo

456 1195 565 1241 loco
587 1192 792 1272 positum
812 1201 896 1247 est,
922 1190 1309 1256 monosyllabum
1326 1193 1661 1256 agnoscimus·
1646 1228 1662 1255 ‚
1697 1207 1842 1257 quare
1859 1193 2106 1240 audiamus
2126 1208 2192 1241 ex

461 1257 715 1306 Asinaria:

587 1325 729 1372 Forte
741 1340 784 1370 r³2
807 1335 963 1370 tusszre
986 1323 1207 1386 occoepsz't,
1228 1339 1283 1370 ne
1302 1324 1370 1371 εἰσ
1391 1326 1570 1372 tussiat.

522 1406 647 1455 Puto
673 1413 828 1455 autem
852 1407 920 1454 sic
945 1406 1198 1488 legendum
1230 1408 1544 1470 praecipient
1582 1409 1695 1455 Fors
1716 1409 1758 1455 si
1777 1409 1950 1456 tussire
2007 1408 2168 1457 Nam
2156 1410 2191 1458 ii

424 1459 425 1462 Γ
454 1473 607 1548 magis
643 1482 782 1520 erunt
818 1472 1016 1526 ferendi,
1048 1472 1193 1535 quam
1227 1475 1306 1535 qui
1344 1474 1580 1534 putabunt
1613 1474 1998 1539 conjunctionem
2019 1477 2062 1523 si
2082 1490 2194 1522 cor-

457 1539 584 1601 ripi:
631 1548 686 1585 ut
706 1539 757 1586 in
778 1540 881 1593 nzsi,
906 1548 954 1585 et
977 1539 1026 1585 in
1055 1537 1285 1601 siquidem.
1354 1539 1511 1588 Quare
1534 1538 1628 1587 alia
1647 1553 1948 1602 quaeramus3
1978 1554 2043 1588 ex
2062 1541 2191 1591 Gur-

461 1605 685 1669 guHone:

596 1668 706 1717 Sztz‘t
727 1671 814 1717 haec
835 1686 958 1725 anuS,
983 1671 1246 1735 quantillum
1268 1671 1397 1726 sitim
1432 1670 1614 1718 modica
1636 1679 1731 1726 est‚·
1766 1671 1904 1734 capit.

459 1735 616 1785 Item
607 1752 656 1782 ln
680 1736 752 1783 his
775 1722 976 1790 duobus,
1003 1736 1163 1784 binos.

590 1802 810 1850 Pervelim
832 1803 1078 1880 sepultauu
1112 1803 1191 1850 sed
1214 1819 1341 1867 quom
1365 1801 1512 1848 adhuc
1534 1815 1642 1847 naso
1663 1799 1777 1847 odos
1798 1818 1906 1848 meo·

590 1868 807 1915 Sedatum
828 1879 899 1920 te:
934 1867 1068 1931 qua'm
1092 1869 1218 1932 longe
1242 1869 1273 1915 d
1296 1885 1363 1915 me
1388 1867 1541 1922 abest;
1577 1867 1723 1912 lumen
1744 1865 1826 1914 hoc
1846 1867 1967 1916 vide

522 1907 784 1982 Videamus
806 1933 925 1980 alios
947 1933 1170 1988 multOS,
1158 1951 1208 1980 m
1230 1933 1434 1980 eadem:
1850 1992 1854 1995 -

591 2001 683 2048 Sed
699 1999 991 2062 grandiorem
1007 2000 1203 2062 gradum
1224 2002 1423 2063 ergofuc
1445 1998 1510 2046 ad
1530 2013 1597 2044 me
1618 1994 1814 2046 obsecro.

420 2077 422 2082 ’
458 2065 656 2124 Ub1fac
679 2064 875 2129 longum
899 2073 984 2120 est,
1019 2073 1185 2112 contra
1206 2065 1505 2126 recentiores.

591 2133 731 2178 Salve
751 2147 895 2185 anus,-
929 2129 1056 2194 egon’
1077 2132 1204 2178 salva
1225 2133 1321 2187 sim,
1345 2145 1439 2194 quae
1456 2131 1579 2177 sicca
1599 2146 1696 2177 sum
1715 2130 1819 2176 siti.
1811 2131 1835 2165 θ

588 2197 749 2244 Jdmne
769 2213 850 2259 ego
871 2196 975 2244 lmz’c
997 2196 1129 2244 dzssco
1122 2201 1144 2234 2
1175 2197 1288 2262 quid
1311 2196 1460 2244 dices,
1452 2199 1474 2232 9
1505 2211 1571 2241 me
1581 2197 1788 2258 periisse,
1815 2209 1912 2260 age.

527 2263 655 2311 Item
678 2278 740 2308 ex
760 2261 977 2309 Andria.

592 2328 695 2375 Sive
717 2329 805 2375 ista
825 2346 958 2383 uxor,
981 2330 1072 2376 sive
1094 2329 1240 2376 amica
1261 2340 1339 2384 est,
1358 2327 1562 2392 gravida
1583 2344 1608 2374 e
1598 2326 1863 2389 Pamphilo
1884 2337 1961 2374 est.

456 2393 613 2442 Quo
591 2411 616 2441 e
643 2409 780 2441 versu
803 2403 856 2440 ut
889 2395 1117 2442 creticum
1141 2394 1341 2450 tolleret,
1367 2410 1462 2441 non
1502 2393 1679 2440 veritus
1713 2401 1784 2438 est
1825 2391 2060 2440 universae
2081 2407 2188 2442 ora-

450 2459 598 2506 tionis
618 2459 869 2507 detrahere
890 2469 1242 2507 omamentum:
1268 2474 1531 2523 pronomen
1551 2457 1667 2504 illud
1687 2457 1881 2512 scilicet,
1904 2457 2062 2522 quod
2050 2473 2099 2506 m
2115 2475 2190 2506 se·

459 2524 616 2572 cundo
639 2525 747 2571 loco
772 2526 931 2572 statim
955 2524 1142 2589 legitur.
1212 2525 1471 2573 Videamus
1493 2539 1608 2588 ergo
1629 2522 1775 2570 etiam
1799 2539 1863 2570 ex
1886 2522 2146 2575 Eunucho:

593 2591 702 2638 Quoe
725 2607 823 2638 cum
847 2602 1047 2638 amatore
1067 2608 1146 2638 suo
1169 2609 1266 2639 cum
1286 2601 1457 2639 coemmt
1481 2591 1713 2655 liguriunt.

523 2655 650 2704 Nam
676 2654 756 2704 hic
774 2673 870 2704 non
893 2673 1138 2721 possumus
1170 2657 1396 2721 effugere,
1435 2657 1550 2720 quin
1582 2662 1662 2702 aut
1695 2651 1849 2717 prima
1883 2653 1932 2701 in
1953 2653 2065 2703 sede
2083 2668 2188 2701 cre-

456 2722 580 2768 ticus
613 2723 687 2776 sit,
728 2731 810 2770 aut
843 2722 893 2769 in
926 2722 1109 2786 quinta.
1176 2724 1304 2770 Nam
1327 2722 1365 2769 si
1387 2720 1644 2770 secundam
1668 2735 1836 2768 vocem
1857 2734 1951 2767 non
1975 2718 2187 2773 collidas,

455 2787 537 2833 sed
578 2787 813 2852 integram
851 2789 1088 2852 relinquas
1128 2789 1177 2836 in
1216 2788 1523 2845 dimensione,
1561 2787 1683 2837 sicut
1719 2784 1991 2849 frequenter
2025 2784 2097 2841 fit,
2136 2795 2188 2832 et

457 2851 655 2900 Plautus
676 2853 825 2901 voluit
847 2855 937 2903 sibi
960 2855 1135 2902 licere'
1122 2871 1170 2902 in
1196 2853 1458 2909 Pseudolo:

589 2919 644 2965 Si
663 2919 718 2966 de
741 2919 982 2967 damnoszs
982 2922 1120 2976 natis,
1144 2931 1224 2967 aut
1236 2921 1304 2967 de
1326 2917 1612 2965 annularibus.

459 2982 673 3030 Creticus
704 2986 766 3032 sit
800 2985 1086 3033 inevitabilis
1121 2986 1170 3032 in
1205 2983 1384 3048 quinta.
1452 2984 1580 3031 Nam
1614 2983 1769 3048 prima
1790 2964 1981 3048 syllaba
2000 2980 2186 3038 natura,

456 3065 555 3096 non
577 3049 827 3124 positione,
853 3051 997 3125 longa
1018 3059 1102 3098 est.
1175 3051 1356 3099 Coenare
1380 3050 1508 3097 enim
1529 3049 1732 3097 mediam
1757 3047 1929 3096 natura
1946 3045 2187 3122 producit.

458 3114 542 3164 Sin
565 3114 776 3170 collidas,
808 3117 911 3176 jam
933 3118 983 3163 in
1005 3116 1161 3180 piima
1186 3116 1295 3165 sede
1322 3115 1411 3164 hoc
1435 3114 1637 3171 eveniat,
1674 3114 1845 3163 eadem
1867 3111 2186 3170 validissimus

457 3180 669 3229 ratione:
709 3182 860 3244 qualis
879 3182 1020 3230 etiam
1045 3200 1107 3231 ex
1133 3182 1704 3238 Heautontimorumeno:

589 3248 717 3295 Itane
734 3259 1037 3310 comparatam
1061 3265 1149 3296 esse
1170 3249 1387 3295 hominum
1408 3257 1616 3294 naturam
1635 3247 1842 3294 omnium.

456 3331 614 3381 Quem
645 3347 832 3380 versum
863 3333 945 3396 qui
978 3332 1273 3382 trochaicum
1307 3340 1488 3397 putent,
1519 3326 1672 3396 ringus
1703 3339 1878 3396 agant3
1916 3330 2024 3378 haec
2056 3328 2188 3378 enim

456 3395 572 3461 fuga
594 3414 748 3462 neque
770 3399 1033 3446 necessaria
1054 3408 1139 3453 est,
1173 3407 1222 3446 et
1247 3408 1319 3445 est
1341 3396 1529 3446 frustra.
1594 3397 1757 3447 Nam
1747 3413 1792 3446 in
1816 3397 2018 3491 prologo
2038 3393 2188 3445 Adel·

455 3462 679 3528 phorum,
701 3479 807 3528 qua
829 3480 939 3530 pars
962 3480 1063 3513 csse
1087 3463 1227 3514 debet
1251 3463 1597 3530 politissima.
