2352 3952
772 188 782 205 ,
810 99 1319 226 mmmmm.-

82 357 85 366 Ι
125 341 129 346 .
190 303 306 359 579.
345 300 426 363 Sp.
451 297 723 347 Postumius
748 294 968 354 Albinus,
990 296 1062 343 M.
1089 295 1276 344 Mutius
1301 295 1532 345 Scaevola.

194 373 308 423 580.
345 367 397 414 L.
423 369 697 415 Postumius
722 365 944 422 Albinus,
971 365 1044 411 M.
1066 364 1276 427 Popilius
1303 363 1482 414 Laenas.

192 434 308 483 581.
344 435 400 482 C.
426 427 638 497 Popilius
660 433 842 488 Laenas,
870 433 923 478 P.
946 433 1098 479 AElius
1122 432 1280 495 Ligur.
1395 483 1397 486 ⁵

191 507 308 558 582.
344 503 395 549 P.
423 502 636 551 Licinius
658 501 868 556 Crassus,
893 499 946 546 C.
969 500 1158 546 Cassius
1186 499 1440 560 Longinus·

192 570 309 622 583.
343 571 406 616 A.
433 569 606 614 Hostil.
631 568 905 622 Mancinus,
931 569 990 613 A.
1014 565 1187 612 Atilius
1213 565 1454 612 Serranus.

193 641 310 687 584.
349 636 412 692 Q.
443 635 648 682 Martius
673 633 1115 697 Philippus111‚.‚>Q.
1143 626 1366 678 Servilius
1381 632 1590 694 Caepio..

195 708 310 751 585.
345 704 402 750 L.
429 703 649 756 AEmilius
674 703 854 749 Paulus
878 702 958 757 11.‚
982 701 1038 746 C.
1060 699 1271 745 Licinius
1296 699 1508 746 Crassus.

192 768 312 821 586.
350 771 411 827 Q.
434 771 590 818 Julius
618 772 791 824 Paetus,
810 769 882 816 M.
907 766 1066 814 Julius
1094 767 1312 812 Pennus&
1571 804 1575 808 .

186 841 310 891 ,5,87.
345 839 401 886 C.
430 838 670 900 Sulpicius
694 835 882 889 Gallus,
909 835 981 880 M.
1010 834 1244 880 Claudius
1263 833 1550 881 Marcellus.

194 908 312 954 588.
349 908 408 953 T.
436 906 649 952 Manlius
673 903 962 964 Torquatus,
986 900 1072 947 Cn.
1105 901 1354 949 ObtaviziS.
1396 923 1400 925 ·
1446 919 1451 942 z

194 978 314 1030 589.
349 975 408 1019 A.
431 973 641 1020 Manlius
665 970 957 1031 TorquatuS‚
978 967 1042 1024 Q.
1063 967 1530 1031 CassiusLongimiS.

195 1043 310 1097 590.
345 1041 403 1087 Τ.
432 1037 737 1100 Sempronius
757 1036 1027 1094 Gracchus,
1046 1036 1125 1084 M.
1151 1036 1176 1084 J
1186 1033 1407 1082 uventius
1431 1037 1600 1082 Talna.

196 1111 311 1164 591.
338 1109 404 1162 Ρ,
427 1105 616 1158 Gorncl.
641 1104 804 1167 Scipio
826 1104 1022 1160 Nasica,
1048 1103 1103 1151 C.
1130 1104 1338 1150 Martius
1359 1104 1568 1167 Figulus.

196 1179 311 1231 592.
330 1167 669 1230 ,M.'.Valerius
697 1172 921 1228 Messala,
948 1172 1156 1218 Fannius
1175 1172 1379 1218 Strabo..
1532 1211 1535 1213 ,

195 1247 309 1298 593.
346 1239 400 1288 L.
424 1240 624 1286 Anicius
649 1240 840 1296 Gallus,
868 1239 948 1294 M.
968 1239 1215 1286 Cornelius
1238 1239 1498 1300 Cethegus.

194 1312 309 1365 594.
338 1309 433 1361 Cn.
456 1307 601 1354 Corn.
627 1307 900 1366 Dolabella,
927 1307 998 1372 M.
1025 1307 1223 1353 Fulvius
1250 1306 1490 1353 Nobilior.

194 1380 309 1432 595.
348 1376 420 1422 M.
443 1374 666 1422 AEmilius
691 1374 917 1438 Lepidus,
937 1375 994 1421 C.
1021 1374 1233 1436 Popilius
1251 1374 1417 1420 Laenas
1430 1374 1503 1422 11.
1526 1410 1533 1414 -

194 1441 311 1503 596,-
347 1443 459 1491 Sex.
483 1443 511 1491 J
519 1442 580 1489 ul.
603 1442 782 1499 Caesar,
807 1442 861 1489 L.
884 1443 1112 1491 ,Aurelius
1133 1443 1340 1490 Orestes.
1443 1477 1447 1483 ·
1474 1478 1480 1482 .
1594 1465 1595 1470 ¹

194 1509 310 1567 59³7.
345 1511 402 1558 L.
427 1510 571 1558 Corn.
595 1511 849 1566 Lentulus,
868 1510 925 1558 C.
947 1510 1156 1556 Martius
1181 1509 1378 1572 Figulus
1405 1508 1469 1555 11.

194 1581 310 1635 598,
345 1577 401 1626 L.
426 1576 617 1627 Cornel.
644 1577 805 1639 Scipio
833 1577 1026 1633 Nasica,
1048 1577 1122 1622 M.
1145 1577 1222 1623 Cl.
1250 1575 1514 1622 Marcellus
1540 1574 1605 1622 11.

195 1649 314 1702 599.
354 1645 416 1702 Q.
431 1645 665 1708 ⁴Opimius
687 1645 864 1707 Nepos,
889 1644 943 1690 L.
966 1644 1242 1691 Postumius
1261 1642 1513 1690 Albinus...

195 1709 313 1760 600.
350 1713 412 1769 Q.
441 1711 634 1760 Fulvius
662 1711 902 1767 Nobilior,
925 1711 990 1757 T.
1006 1710 1422 1767 Annius³Luscu5.

196 1775 317 1829 601..
347 1780 422 1827 M.
447 1778 618 1827 Claud.
645 1778 911 1824 Marcellus
936 1777 1048 1834 Ill„
1074 1777 1234 1824 Valer.
1261 1776 1480 1824 Flaccus.

194 1844 311 1898 6021.
325 1851 333 1857 ⁴
349 1845 406 1893 L.
428 1845 640 1892 Licinius
657 1845 907 1902 Lucullus,
934 1848 994 1892 A.
1019 1845 1293 1892 Postumius
1315 1845 1540 1891 Albinus-

190 1911 314 1965 603.
354 1914 410 1961 L.
437 1913 664 1969 Quintius
691 1912 998 1970 Flamininus,
1019 1913 1089 1959 M.
1115 1913 1302 1959 Acilius
1326 1912 1526 1958 Balbus.

240 2023 241 2026 ,
326 1979 416 2027 Sub
434 1979 502 2027 his
530 1977 790 2026 Consulibus
811 1979 905 2026 III.
929 1978 1084 2025 bellum
1106 1979 1326 2026 Punicum
1349 1978 1617 2031 inchoatum
1652 1984 1703 2022 at
1725 1991 1840 2022 anno

197 2043 315 2099 604.
353 2046 518 2109 Scipio
542 2046 705 2093 AEmil.
729 2046 1061 2108 Carthaginem
1077 2046 1237 2109 capit,
1262 2046 1427 2092 diruit.
1648 2084 1650 2086 ,

264 2112 479 2168 Primum
498 2114 667 2175 igitur,
696 2113 824 2176 quod
859 2114 932 2160 dei
951 2113 1112 2160 Plauti
1136 2122 1289 2160 morte
1316 2112 1524 2176 positum
1552 2118 1639 2168 est,
1671 2110 1719 2156 id
1753 2127 1814 2157 ex
1846 2110 1928 2158 Ci-

199 2196 369 2227 cerone
405 2182 455 2227 in
491 2181 645 2227 Bruto
680 2188 896 2228 constat:
943 2196 1054 2227 nam
1090 2180 1301 2238 Plautus,
1338 2180 1509 2243 inquit,
1546 2179 1599 2225 P.
1633 2177 1838 2234 Claudio,
1875 2177 1932 2226 L.

198 2247 368 2295 Porcio
393 2247 513 2295 Coss.
537 2255 738 2295 mortuus
770 2255 854 2306 est,
884 2246 1051 2295 Catone
1079 2246 1281 2306 Censore,
1310 2248 1357 2294 id
1383 2256 1454 2296 est
1476 2263 1601 2294 anno
1625 2246 1686 2292 U.
1724 2247 1931 2292 conditae

203 2330 402 2362 DLxlx.
444 2333 526 2363 seu
568 2329 818 2366 chxvu.
861 2324 971 2362 ante
1008 2316 1252 2363 Christum
1291 2326 1472 2363 natum.
1515 2311 1726 2362 Fallitur
1767 2314 1931 2377 itaque

201 2383 540 2446 Hieronymus,
567 2381 677 2430 clim
703 2384 748 2429 in
775 2383 1016 2430 Chronico
1052 2384 1322 2430 Eusebiano
1354 2376 1536 2440 scribit,
1573 2382 1929 2430 OLYMPIADE

199 2464 360 2498 CXLV.
395 2449 586 2498 Plautus
621 2467 674 2498 ex
710 2449 900 2498 Umbria
938 2449 1132 2498 Sarsina
1173 2451 1323 2498 Romae
1355 2455 1565 2498 moritur.
1653 2449 1931 2497 Dicendum

200 2518 326 2564 enim
351 2517 492 2565 fuerit
516 2518 779 2566 OLYMPIA
792 2533 861 2566 DF.
888 2533 1082 2566 CXLIX.
1153 2518 1297 2575 Quod
1321 2535 1383 2565 an
1401 2520 1704 2573 observatum
1728 2515 1759 2563 a
1778 2515 1931 2564 Scali-

198 2600 318 2648 gero
331 2585 492 2641 fuerit,
512 2586 688 2632 nescio.

267 2651 431 2715 Scipio
454 2660 615 2699 autem
640 2652 820 2715 Major,
838 2670 952 2702 avus
977 2653 1215 2718 Scipionis
1233 2653 1497 2710 AEmiliani,
1518 2670 1602 2716 per
1624 2652 1932 2714 adoptionem

198 2718 288 2766 filii
312 2719 514 2782 scilicet,
547 2735 672 2766 anno
699 2722 935 2783 sequenti,
967 2723 1015 2768 id
1040 2731 1109 2769 est
1137 2736 1308 2768 DLxx.
1346 2724 1406 2768 ab
1433 2721 1563 2767 Urbe
1595 2708 1804 2777 condita,
1833 2717 1931 2766 fate
1990 2782 1993 2784 Β

201 2786 448 2843 concessit,
485 2787 557 2834 uti
596 2787 709 2837 olim
745 2785 773 2832 a
814 2788 1016 2852 Polybio
1052 2789 1280 2851 scriptum
1315 2788 1486 2846 fuerat,
1521 2795 1570 2834 et
1602 2803 1664 2834 ex
1697 2803 1754 2834 eo
1791 2787 1934 2835 docet

202 2853 381 2911 Livius,
417 2854 499 2901 lib.
527 2855 719 2901 XXIX.
790 2855 962 2918 Neque
997 2854 1109 2903 vero
1143 2855 1285 2903 aliter
1317 2856 1460 2903 sensit
1487 2854 1657 2902 Cicero
1692 2854 1743 2901 in
1778 2854 1934 2901 admi-

199 2921 340 2971 rabili
366 2922 530 2968 libello
555 2923 614 2968 de
639 2923 909 2970 Senectute.

267 2990 336 3036 At
360 2988 523 3052 Scipio
558 2989 736 3047 Minor,
771 3006 854 3038 seu
879 2990 1184 3047 AEmilianus‚
1217 2990 1298 3054 qui
1332 2990 1562 3038 naturalis
1585 2987 1765 3045 AEmilii
1791 2988 1932 3036 Pauli

200 3054 327 3102 filius
346 3051 452 3114 fuit,
470 3058 724 3119 adoptatus
739 3066 898 3106 autem
918 3055 948 3104 a
965 3058 1064 3105 filio
1079 3057 1315 3121 Scipionis
1332 3057 1541 3106 Africani
1561 3057 1748 3119 prioris,
1766 3056 1934 3102 eodem

198 3120 344 3186 plane
379 3139 504 3171 anno
536 3132 673 3172 natus
707 3135 793 3184 est,
829 3141 923 3189 quo
963 3126 1161 3172 denatus
1185 3135 1256 3172 est
1280 3125 1513 3181 Plautus;
1550 3124 1693 3172 Urbis
1727 3123 1935 3170 conditae

202 3189 389 3237 scilicet
418 3206 568 3238 Dux.
606 3192 655 3238 id
681 3194 811 3256 quod
836 3193 1076 3255 negaverit
1105 3209 1261 3246 nemo,
1298 3191 1409 3240 cum
1445 3192 1608 3240 Livius
1632 3191 1808 3238 scribat
1847 3189 1932 3237 lib.

203 3263 360 3303 XLIV.
375 3257 609 3306 Consulem
631 3259 700 3321 (id
720 3269 804 3317 est,
820 3261 1068 3307 AEmilium
1089 3259 1320 3320 Paulum)
1345 3276 1478 3324 quum
1493 3275 1537 3305 se
1553 3260 1602 3304 in
1622 3266 1772 3304 castra
1788 3256 1936 3302 victor

200 3324 444 3382 recepisset,
460 3341 515 3371 ne
529 3327 702 3373 sincero
715 3326 1146 3389 gaudiosrueretur‚
1162 3342 1273 3373 cara
1291 3326 1347 3373 de
1363 3326 1533 3372 minore
1535 3326 1641 3383 filio
1655 3320 1930 3368 stimulabat.

199 3385 258 3433 P.
278 3385 434 3448 Scipio
450 3392 490 3436 is
501 3401 599 3436 erat
613 3389 654 3437 A
645 3394 871 3451 fricanus,
886 3403 929 3439 et
946 3394 1041 3455 ipsse
1046 3403 1202 3455 postea
1216 3389 1362 3439 deleta
1380 3389 1653 3451 Carthagine
1666 3388 1928 3450 appellatus,

198 3453 425 3498 naturalis
456 3453 653 3503 Consulis
674 3458 830 3513 Pauli,
865 3458 1126 3521 adoptione,
1161 3458 1377 3517 Africani
1407 3469 1554 3517 nepos.
1628 3455 1676 3501 Is
1704 3454 1931 3517 septimum

0 3537 31 3565 ,ι
202 3515 419 3566 decimum
435 3529 538 3568 tunc
561 3537 725 3573 annum
746 3540 896 3589 agens,
920 3523 1040 3589 quod
1055 3525 1199 3588 ipsam
1213 3539 1368 3573 curam
1390 3520 1598 3585 augebat,
1619 3520 1697 3578 ⁸5⁶·

0 3573 39 3648 θ’,

2170 136 2255 191 ‘vii
