2340 3964
1046 193 1610 254 PROLEGQMENA

705 367 1090 453 JOANNIS
1132 379 1358 450 mvn
1378 389 1381 392 ·
1399 388 1969 457 CASTIGA‘rio.

550 529 668 586 Cum
691 526 950 592 prodiisset·
963 541 1088 574 anno
1110 524 1286 585 abhinc
1306 514 1631 589 fere‘jseptiino
1651 528 1914 590 Terentius,
1947 531 2208 582 doctissimi

481 594 571 642 viri
604 593 815 658 Philippi
849 591 1242 641 Melanchthonis
1268 589 1420 656 ,opera
1453 590 1793 659 diligentiaque
1826 598 2081 654 restitutus,
2114 597 2213 647 una

483 675 596 709 eum
629 658 919 725 argumentis
952 657 1160 721 ejusdem
1195 666 1244 706 et
1278 658 1675 705 annotatiunculis
1690 655 1717 719 ς’
1742 677 1837 716 non
1857 663 2094 713 mehercle
2111 663 2212 713 dici

481 734 654 790 potest,
679 725 911 790 quantum
934 724 1025 774 hoc
1037 725 1229 773 nomine
1243 725 1400 782 statim
1412 723 1748 788 gratulandum
1762 727 1975 781 studiosis
1992 730 2213 780 omnibus

484 790 828 841 existimarim:
858 789 998 855 idque
1009 791 1116 852 jure
1134 789 1254 846 adeo
1273 806 1328 839 ac
1342 788 1528 839 merito.
1584 789 1963 845 Videbamenim
1981 793 2081 843 sore
2102 795 2210 843 bre-

483 858 551 913 vi,
577 866 630 904 ut
650 857 858 921 optimus
880 856 1151 905 Latinitatis
1175 855 1357 910 author,
1384 857 1461 920 qui
1488 855 1749 910 innumeris
1770 856 1879 908 ante
1903 856 2087 915 mendis
2106 876 2212 909 sca-

485 923 636 978 tebat,
670 938 799 971 nunc
831 921 978 986 paulo
1013 922 1285 987 castigatior
1316 922 1484 983 majori
1508 938 1616 972 cum
1639 922 1897 987 voluptate,
1930 934 2070 996 atque
2092 923 2214 974 ‘adeo

487 990 666 1050 majore
684 1005 794 1036 cum
817 987 974 1036 fructu
997 987 1142 1051 quam
1166 996 1322 1043 antea,
1355 987 1386 1034 a
1409 987 1743 1052 ludimagistris
1766 988 1979 1052 pueritiae
2000 992 2217 1056 perlege-

489 1063 630 1102 retur.
665 1054 786 1103 Quae
805 1052 927 1101 adeo
943 1070 1041 1102 non
1056 1052 1227 1105 fefellit
1244 1055 1528 1113 conjectura,
1550 1064 1601 1101 ut
1617 1053 1854 1101 distractis
1871 1071 2059 1126 magno*
2106 1056 2217 1104 ibli-

487 1119 735 1184 opolarum
759 1117 1009 1167 commodo
1027 1119 1392 1184 exemplaribuS‚
1428 1136 1581 1167 rursus
1603 1119 1773 1167 excudi
1808 1129 1996 1184 coeptus
2015 1120 2052 1169 si
2095 1121 2222 1174 Wit-
2300 1117 2310 1124 ’

487 1186 767 1250 tembergae,
803 1202 917 1233 mox
939 1184 970 1232 a
989 1185 1176 1233 Joanne
1198 1185 1386 1238 Secerio
1410 1185 1659 1250 Haganoae
1678 1202 1693 1246 ;
1730 1184 1840 1249 post
1861 1187 2006 1234 etiam
2028 1186 2222 1235 Norim·

484 1247 688 1315 *bergae3
726 1260 960 1316 praeterea
980 1251 1103 1314 apud
1130 1251 1379 1298 Coloniam
1403 1251 1734 1315 Agrippinam,
1771 1251 1833 1299 ab
1859 1252 2098 1300 Euchario
2121 1251 2219 1317 pri·

490 1318 627 1365 mum
649 1317 968 1378 Cervicorn03
1005 1317 1176 1365 iterum
1199 1316 1229 1365 a
1249 1316 1435 1365 Joanue
1459 1319 1620 1364 Sotere
1633 1319 1656 1378 3⁴
1689 1316 1831 1365 tertio
1854 1316 1963 1366 deni
1998 1334 2056 1369 ue
2077 1316 2109 1366 ὲ
2129 1318 2220 1367 Jo-

492 1399 618 1431 anne
653 1384 915 1448 Gymnico,
947 1383 1048 1430 viro
1070 1383 1269 1447 optimo,
1303 1392 1351 1429 et
1384 1382 1502 1430 mihi
1537 1391 1694 1430 vetere
1728 1335 2075 1432 necessitudine
2104 1399 2224 1432 eon·

484 1449 809 1512 junctissin103
845 1449 907 1496 ad
942 1449 1048 1496 haec
1081 1446 1350 1512 Moguntiae
1374 1449 1621 1513 aliquoties
1643 1457 1692 1495 et
1714 1450 2050 1513 Argentorati;
2085 1458 2139 1496 ut
2160 1448 2223 1497 de

491 1515 676 1563 caeteris
696 1523 894 1563 taceam.
907 1511 1129 1562 'Interim
1153 1514 1260 1561 cum
1281 1514 1381 1578 ipse
1403 1514 1591 1578 quoque
1612 1529 1720 1562 eum
1739 1514 1991 1573 authorem'
2004 1514 2224 1565 studiosis

492 1579 776 1644 quibusdam
801 1579 1116 1628 enarrandum
1141 1581 1471 1643 suscepissem,
1506 1579 1628 1626 sensi
1661 1579 1854 1628 tandem
1885 1579 1934 1628 id
1957 1578 2082 1645 quod
2104 1589 2224 1636 erat,

491 1644 923 1697 Melanchthonem
939 1645 1233 1710 gravioribus
1246 1645 1389 1698 rebus
1411 1653 1713 1710 occupatum,
1738 1653 1881 1710 utque
1899 1646 2017 1711 ipse,
2035 1660 2122 1710 pro
2138 1643 2228 1694 sud.

486 1710 740 1768 modestia,
754 1712 960 1777 ingenue
977 1711 1167 1767 fatetur,
1175 1712 1416 1759 veteribus
1427 1711 1660 1775 exemplis
1673 1711 1795 1758 haud
1808 1711 1920 1759 satis
1930 1713 2228 1767 instructum,

491 1776 590 1825 non
610 1778 671 1825 ab
694 1780 914 1826 omnibus
933 1779 1128 1826 omnino
1152 1777 1334 1825 mendis
1357 1777 1503 1840 (absit
1520 1776 1697 1824 invidia
1711 1776 1863 1837 dicto)
1891 1777 2062 1827 comici
2079 1776 2229 1824 nostri

493 1843 681 1890 fabulas
701 1844 944 1892 vindicare
967 1844 1187 1908 potuisse.
1268 1843 1328 1891 Et
1343 1844 1444 1904 jam
1468 1858 1553 1906 per
1575 1851 1723 1889 totam
1748 1842 1899 1907 prope
1919 1842 2229 1891 Germaniam

491 1909 625 1956 nulla
643 1908 784 1957 facile
804 1918 977 1974 praeter
999 1909 1209 1973 Philippi
1233 1908 1526 1972 exemplaria
1547 1909 1890 1972 probabantur,
1914 1918 1995 1956 aut
2011 1907 2230 1956 manibus

494 1974 718 2022 studiosae
735 1975 994 2037 juventutis
1018 1976 1305 2023 terebantur.
1356 1974 1409 2021 Id
1433 1974 1597 2022 eximii
1615 1973 1703 2020 viri
1728 1974 1982 2022 auctoritas
2002 1973 2229 2028 effecerit,

495 2056 556 2088 an
581 2039 686 2103 ipsa
708 2057 780 2088 res
804 2050 945 2104 atque
969 2040 1148 2089 utilitas
1171 2041 1434 2094 extorserit,
1461 2040 1579 2087 nihil
1603 2039 1756 2087 habeo
1779 2039 1953 2095 dicere.
1998 2039 2119 2088 Quae
2141 2054 2228 2103 nos

430 2157 432 2163 χ
495 2105 689 2169 quidem
713 2123 787 2154 res
819 2106 1026 2170 primum
1050 2106 1212 2162 movit,
1249 2101 1302 2152 ut
1330 2104 1603 2169 perquisitis
1633 2105 1836 2169 antiquis
1855 2104 2229 2169 exemplaribus,

496 2180 547 2219 et
570 2172 904 2235 manuscriptis
929 2182 979 2219 et
1001 2172 1254 2235 impressiS,
1291 2171 1422 2220 locos
1447 2170 1673 2235 plurimos
1691 2170 1988 2234 depravatos,
2012 2184 2130 2234 quos
2149 2169 2231 2217 ille

499 2237 826 2285 inemendatos
861 2238 1129 2301 reliquerat,
1163 2237 1398 2301 corrigere
1426 2243 1722 2284 conaremur.
1789 2236 1916 2286 Quid
1940 2234 2103 2284 nostra.
2121 2234 2232 2283 dili-

496 2301 661 2367 gentia
694 2304 934 2350 consecuti
969 2305 1129 2357 simuS,
1164 2303 1360 2350 aliorum
1395 2313 1494 2350 esto
1520 2303 1768 2364 judicium.
1835 2302 1945 2350 Hoc
1968 2300 2098 2350 certe
2124 2301 2232 2363 jure

497 2369 731 2416 affirmare
754 2385 889 2433 posse
912 2369 1088 2424 videor,
1122 2385 1184 2416 ex
1219 2369 1457 2431 impressis
1491 2369 1878 2431 nullum-uspiam
1900 2377 2068 2416 extare
2091 2365 2233 2414 hodie

499 2436 764 2499 exemplar,
799 2452 893 2498 quo
929 2436 974 2481 in
1011 2435 1275 2498 exemplari
1298 2434 1458 2498 plures
1483 2435 1575 2482 loci
1599 2436 1796 2482 correcti
1819 2435 1914 2483 sint
1935 2433 2081 2498 quam
2099 2432 2232 2482 ,ineo

497 2500 625 2564 quod
659 2517 745 2548 nos
779 2497 1034 2564 aliquando
1066 2502 1115 2548 in
1139 2499 1386 2564 publicum
1409 2501 1565 2547 daturi
1587 2517 1762 2549 sumus.
1827 2500 1884 2547 ld
1909 2500 1975 2547 ita
1995 2515 2096 2547 esse
2113 2496 2233 2545 -cdm

498 2581 591 2621 reS,
626 2576 677 2613 ut
699 2575 833 2631 puto,
868 2567 1136 2621 testabitur,
1154 2575 1259 2614 'tum
1270 2567 1425 2613 -editio
1447 2567 1563 2614 olim
1586 2579 1760 2621 nostra,
1792 2566 1834 2614 si
1856 2581 1966 2614 cum
1985 2564 2092 2613 ‘aliis
2112 2575 2229 2611 con*-

499 2631 694 2679 feratur.
762 2632 953 2681 Etenim
979 2633 1021 2679 vi
1046 2630 1233 2680 summa
1257 2632 1561 2696 jampridem,
1596 2643 1740 2698 atque
1762 2632 1893 2681 omni
1911 2647 2022 2696 ope,
2054 2634 2104 2676 et
2124 2627 2234 2692 plus

499 2697 691 2746 demum
712 2698 856 2762 quam
881 2715 966 2763 pro
990 2700 1109 2746 virili
1134 2708 1285 2762 parte,
1311 2708 1362 2745 ut
1383 2699 1595 2747 omnium
1617 2708 1729 2747 ante
1751 2714 1838 2746 nos
1859 2694 2233 2760 roeognitionem

498 2763 812 2820 vinceremuS,
847 2765 1192 2813 admittendum
1225 2765 1647 2813 mihi-existimavi.
1713 2763 1908 2814 Interim
1930 2762 2062 2810 locos
2082 2759 2233 2825 pluri·

500 2845 603 2877 mos
634 2830 666 2878 a
684 2831 840 2878 anobis
872 2830 1051 2895 quanta
1085 2831 1220 2878 licuit
1238 2845 1355 2878 cum
1379 2831 1473 2879 fide
1495 2841 1548 2878 et
1571 2830 1817 2896 religione,
1840 2823 2235 2890 -tumssdiligeutiss,

451 2910 455 2914 ·
499 2895 672 2951 studio,
707 2897 871 2945 labore
896 2898 1167 2961 castigatos,
1192 2897 1498 2961 pristinoque,
1521 2911 1574 2944 ut
1596 2897 1779 2961 opinor,
1801 2894 1962 2949 nitori,
1984 2892 2235 2957 integi-ita«

495 2961 630 3024 tique
664 2961 873 3010 redditos
905 2964 1281 3028 publicavimus;
1313 2972 1367 3009 >et
1400 2962 1592 3027 quidem
1624 2962 1756 3009 nullo
1774 2961 1954 3022 majore
1978 2958 2235 3006 verborum

502 3036 766 3089 apparatu3
804 3029 1205 3093 quandoquidem,
1240 3037 1293 3076 ut
1326 3027 1405 3075 ille
1439 3029 1566 3075 canit
1578 3044 1594 3088 3
1634 3028 1802 3075 ornari
1830 3042 1908 3073 vres
1945 3027 2048 3088 ipsu
2085 3033 2235 3087 negat,

489 3103 708 3140 contenta
744 3095 911 3141 doceri.
982 3094 1123 3143 Quod
1150 3095 1197 3141 ⁴si
1233 3092 1372 3142 laude
1404 3093 1574 3141 merita
1607 3093 1686 3155 qui
1721 3107 1866 3139 unum
1890 3091 2161 3138 ¹alterumve
2185 3089 2235 3139 in

503 3158 700 3206 authore
725 3161 952 3223 quopiam
975 3161 1335 3216 illustrarim-aut
1354 3161 1603 3207 restituunt
1620 3159 1794 3213 locum,
1822 3173 1919 3206 non
1942 3155 2234 3209 fraudantur,

501 3239 587 3271 cur
621 3238 717 3271 non
757 3225 859 3288 ipse
891 3243 1076 3290 quoque
1113 3242 1298 3288 sperem
1331 3225 1607 3272 nonnullam
1639 3240 1716 3272 me
1739 3223 2011 3271 &studiosis
2032 3221 2234 3287 gratiam

500 3288 744 3347 initurum,
779 3291 867 3354 qui·
894 3300 965 3338 tot
999 3292 1046 3338 in
1074 3292 1298 3339 Terentio
1332 3292 1461 3337 locos
1492 3290 1692 3338 fortasse
1726 3295 1822 3339 non
1845 3286 2007 3354 inepte
2029 3300 2235 3352 ρτοηιιε,

496 3354 756 3420 vdiligenter
794 3357 1004 3422 quidem,
1041 3368 1089 3404 et
1122 3355 1300 3422 magna
1332 3355 1448 3403 cur&
1476 3355 1607 3405 certe
1631 3356 1692 3404 ab
1711 3351 2142 3412 omnibussmeudis
2161 3349 2233 3398 vi·

504 3422 1035 3488 tiisquerepurgarim?
1102 3423 1310 3471 Tametsi
1339 3421 1475 3470 -haud
1506 3421 1618 3470 sane
1649 3421 2021 3476 dissimulavero,
2054 3418 2235 3467 harem

505 3486 661 3549 ipsum
684 3506 761 3537 me
788 3489 1096 3553 plerisque-in
1119 3489 1250 3543 locis,
1281 3496 1332 3535 et
1353 3487 1585 3551 quasdam,
1611 3487 1671 3535 de
1695 3488 1866 3551 quibus
1889 3481 2235 3553 parumadlmc

504 3552 696 3615 liqueat,
732 3552 991 3619 ampliare:
1029 3562 1078 3602 et
1099 3554 1210 3619 quid
1243 3554 1290 3601 in
1323 3554 1395 3600 his
1419 3553 1724 3618 potissimum
1746 3569 1928 3619 sequar,
1965 3551 2090 3600 haud
2118 3546 2235 3595 dum

494 3619 806 3681 'exploratum
828 3622 939 3668 satis
964 3621 1139 3668 habere
1157 3620 1204 3668 in
1223 3617 1356 3667 tanta
1378 3620 1639 3684 praesertim
1652 3618 1998 3684 exemplarium
2021 3614 2238 3679 antiquo-

505 3699 626 3740 rum,
646 3685 759 3734 cum
776 3687 1064 3735 dissensione
1078 3695 1131 3735 et
1146 3684 1482 3753 discrepantia,
1501 3695 1603 3735 tum
1619 3683 1885 3735 monstrosa.
1899 3681 2074 3733 alieubi
2088 3680 2235 3729 etiam

2303 3678 2321 3702 Θ
