2314 3944
718 141 963 196 ACTUS
999 140 1095 196 111.
1170 138 1407 195 SCENA
1442 138 1538 194 ΠΙ.

0 295 6 331 ἴ
77 268 80 272 ,
105 284 387 360 Etnae-ego
404 294 472 351 te,
490 278 536 337 si¹
549 304 666 338 usus
685 287 870 351 veniat,
891 286 1174 355 magnifice,
1193 285 1429 350 Chreme,
1457 281 1544 336 -45'

105 358 340 410 Tractare
364 359 563 426 possim.
646 357 738 411 Ch.
781 359 842 410 de
867 359 1008 423 istoc,
1033 361 1151 409 cum
1176 375 1293 407 usus
1320 355 1526 420 venerit,

105 428 399 481 Videbimus
423 429 544 498 quid
561 448 685 499 opus
710 430 798 481 sit:
840 441 977 481 nunc
1002 431 1260 495 istuc-age.

106 499 196 572 Sy.
235 499 511 567 Nunquam
537 502 850 553 commodius
887 519 1111 570 unquam
1148 499 1329 550 herum
1357 498 1528 550 audivi

249 572 400 639 loqui.
475 628 478 634 ,

103 641 218 693 Nec
243 644 358 693 cum
388 643 682 694 malefacere
709 643 959 695 crederem
987 645 1060 693 mi
1087 641 1340 709 impunius

102 713 298 764 Licere.
323 714 554 782 quisnam
576 717 604 764 a
630 716 769 766 nobis
795 714 1047 782 egreditur
1065 714 1227 763 foras?
1294 745 1302 752 2

2054 146 2158 199 129

1579 280 1754 321 Profecto
1784 283 1913 330 etiarn,
1946 285 1975 321 si
2010 284 2044 321 id
2081 300 2154 324 usu

1581 337 1714 384 veniat,
1741 347 1814 373 arte
1833 338 1915 374 mea
1934 350 2079 388 possum
2097 338 2155 375 ef-

1580 389 1687 428 ficere
1711 402 1760 426 ne
1776 389 1886 426 talem
1906 391 1943 426 in
1962 401 1999 426 te
2019 404 2154 428 moero-

1579 455 1655 480 rem
1671 439 1862 493 suscipias‘,
1881 455 1955 492 quo
1970 441 2154 480 Menede-

1580 509 1682 534 mum
1702 495 1831 533 confici
1851 496 1966 541 vides3
1997 497 2050 533 ita
2071 496 2154 547 pul-

1580 547 1666 585 chre
1694 557 1733 587 te
1757 549 1933 592 tractabo,
1966 558 2004 586 et
2030 549 2155 599 splen·

1581 600 1676 638 dide.
1734 600 1802 639 Ch.
1833 600 2154 639 Considerabiinus

1581 653 1625 690 de
1658 652 1727 691 ist&
1757 666 1809 698 re,
1845 653 1933 704 quid
1965 667 2059 705 opus
2089 656 2154 700 sit,

1548 744 1551 746 μ
1581 707 1664 743 cum
1679 707 1869 744 acciderit:
1891 720 1989 745 nunc
2003 708 2160 744 intende

1580 758 1757 796 fallaciam
1775 761 1811 795 in
1829 751 1953 797 seriem
1975 758 2156 797 Menede-

104 823 219 849 mum.
272 812 340 862 Sy.
371 812 574 863 Nunquam
592 813 711 850 audivi
729 812 860 850 herum
879 812 980 861 loqui
999 811 1259 862 opportunius,
1280 809 1387 858 quam
1411 823 1521 848 nune,
1545 823 1614 848 nec
1631 812 1715 848 cum
1734 811 1873 860 aliquid
1891 805 1979 850 mali
1992 813 2153 860 molirer,

103 864 285 902 crederem
305 879 365 904 me
378 880 540 918 unquam
560 867 687 917 majori
702 879 787 907 cum
802 865 1022 917 impunitate
1038 864 1076 901 id
1090 863 1219 902 facere.
1273 861 1456 905 Quisnam
1475 864 1550 902 exit

1563 864 1674 902 domo
1687 864 1808 902 110st
1819 864 1836 902 ἓ

482 1052 877 1125 ACTUS
931 1052 1070 1156 111.-
1170 1049 1595 1119 SCENA
1632 1033 1785 1120 111.

431 1227 484 1276 Ἃ
557 1238 930 1292 CHREMES.
1002 1236 1366 1290 CLITIPHO.
1440 1236 1690 1289 SYRUS.

109 1402 199 1458 Ch.
236 1402 392 1461 QUID
430 1406 575 1470 istuc,
612 1405 812 1474 quaeso?
853 1403 939 1475 qui
964 1403 1076 1456 istic
1106 1421 1215 1455 mos
1240 1410 1340 1467 *est,
1378 1400 1525 1468 Cliti·-

241 1476 379 1544 pho?
418 1478 552 1529 itane
571 1477 679 1528 fieri

103 1546 352 1615 Oportet?
397 1547 445 1600 C
443 1549 474 1600 l.
498 1549 637 1604 Quid
653 1566 748 1616 ego
767 1548 900 1599 feci?
946 1544 1034 1599 Ch.
1055 1545 1208 1598 vidin'
1228 1563 1322 1614 ego
1342 1547 1392 1596 ie
1412 1562 1523 1597 mo-

244 1619 317 1670 do
334 1638 543 1671 manum
565 1620 617 1670 in
641 1619 806 1670 sinum
833 1618 953 1669 huic

0 1688 3 1694 ’
28 1704 32 1705 ’
103 1688 365 1741 Meretrici
387 1691 633 1741 inserere?
675 1690 762 1762 Sy.
788 1700 900 1741 acta
923 1698 997 1741 est
1020 1707 1113 1753 reS,
1129 1687 1272 1758 perii.
1315 1686 1394 1742 Cl.
1417 1704 1523 1738 me-

246 1760 343 1812 ne'?
389 1760 480 1813 Ch.
503 1762 646 1813 hisce
661 1761 850 1824 oculis;
889 1770 1118 1828 ne'nega.

102 1829 248 1882 Facis
279 1833 403 1883 adeo
434 1824 639 1901 indigne
665 1830 899 1901 injuriam
927 1831 1019 1896 illi,
1046 1831 1255 1901 quinon
1280 1831 1525 1884 abstineas

243 1921 483 1955 manum:
957 1901 960 1905 ’

101 1971 237 2024 Nam
253 1973 401 2027 ‘istaec
423 1975 627 2044 quidem
656 1973 961 2026 contumelia
986 1982 1076 2038 est,
1108 1973 1372 2025 hominem
1397 1974 1525 2026 ami-

245 2063 364 2096 cum
389 2046 452 2097 ad
477 2055 526 2096 te
551 2045 787 2114 recipere,
987 2091 989 2093 ,
1491 2052 1521 2097 5

101 2115 270 2185 Atque
303 2114 407 2185 ejus
444 2116 659 2168 amicam
695 2116 1010 2185 subagitare:
1049 2116 1127 2166 vel
1165 2115 1275 2166 heri
1313 2115 1367 2167 in
1405 2116 1525 2168 vino

245 2189 397 2254 quam
424 2185 747 2238 immodestus

101 2256 295 2311 Fuisti?
350 2258 438 2330 Sy.
466 2259 676 2310 Factum
699 2268 784 2310 est.
848 2255 894 2310 C
894 2260 937 2310 lz.
960 2254 1135 2313 Quam'
1156 2258 1427 2309 molestus?
1465 2269 1523 2311 ut

244 2329 496 2398 equidem,

101 2399 178 2451 Ita
199 2418 281 2451 me
298 2401 348 2451 di
367 2410 554 2465 ament,
573 2401 729 2453 'metui
751 2401 872 2472 quid
895 2403 1119 2453 futurum
1140 2401 1354 2470 denique
1373 2410 1518 2453 esset:

245 2470 365 2522 novi
386 2490 481 2541 ego

101 2541 400 2594 Amantium
438 2542 663 2595 animum
684 2564 696 2596 :
733 2544 945 2611 graviter
969 2544 1246 2607 advortunt,
1273 2561 1385 2611 quae
1421 2560 1522 2594 non

246 2631 462 2667 censeas,

108 2680 185 2736 Cl.
222 2685 291 2735 At
316 2685 443 2737 mihi
467 2685 587 2738 fides
625 2686 759 2755 apud
794 2686 931 2737 hunc
969 2693 1058 2749 est,
1096 2684 1223 2735 nihil
1261 2703 1343 2736 me
1381 2684 1520 2735 istius

241 2755 506 2822 facturum,
532 2769 686 2826 pater.
1457 2762 1522 2806 10

107 2823 195 2893 Ch·
221 2825 345 2877 Esto
365 2846 376 2879 :
416 2839 467 2878 at
489 2831 622 2879 certe
643 2827 885 2879 concedas
908 2828 970 2878 ab
995 2845 1080 2878 ore
1100 2845 1273 2879 eorum
1292 2827 1520 2896 aliquan-

240 2897 394 2967 tisper
415 2899 600 2967 aliquo.

102 2966 285 3050 Libido
303 2971 464 3022 multa
496 2971 620 3022 fert:
660 2988 718 3021 ca
752 2971 912 3021 facere
936 2968 1169 3038 prohibet
1191 2978 1278 3020 tua
1301 2986 1520 3038 praesen-

240 3053 325 3091 ua.

98 3106 216 3177 Ego
240 3110 419 3232 {lledme
452 3111 582 3165 facio
607 3112 942 3182 conjecturam
966 3134 977 3165 ε
1018 3130 1169 3163 nemo
1193 3120 1266 3162 est
1292 3129 1520 3163 meorum

278 3200 308 3231 o
344 3199 391 3233 ie

98 3249 251 3319 Apud
275 3220 425 3319 querii
452 3270 752 3322 ,expromere
789 3254 962 3307 omnia
998 3271 1111 3306 mea
1134 3255 1348 3318 occulta,
1374 3252 1520 3304 Cliti-

239 3321 358 3389 pho,
378 3323 608 3376 audeam.

99 3404 220 3442 times.
277 3403 348 3444 Clo.
367 3403 427 3444 Sit
440 3407 509 3444 ita:
538 3408 663 3446 saltem
678 3410 806 3446 secede
822 3410 860 3446 in
876 3409 1033 3459 aliquem
1050 3410 1174 3447 locum
1193 3407 1405 3459 aliquandiu
1422 3406 1442 3445 a
1460 3420 1548 3444 cons

99 3457 329 3508 concupiscit
343 3467 382 3495 et
401 3459 528 3496 invitat
541 3471 704 3498 amantes
721 3462 816 3499 inter
830 3475 869 3498 se
886 3475 1012 3513 agere:
1043 3472 1079 3500 et
1095 3472 1157 3499 tua
1173 3460 1365 3512 praesentia
1380 3460 1534 3510 impedit

91 3507 207 3562 jicio:
233 3508 344 3548 hodie
363 3510 508 3550 nullum
525 3509 644 3552 habeo
660 3514 834 3561 amicum,
853 3514 913 3552 cui
931 3514 1083 3553 audeam
1101 3514 1273 3566 detegere
1290 3513 1416 3550 omnia
1431 3525 1512 3549 mea
1529 3525 1549 3548 a

951 3637 1283 3677 ANNOTATxo.

1622 1401 1692 1442 Ch.
1707 1402 1743 1441 Ο
1757 1402 1939 1455 Clitipho,
1953 1405 2041 1457 quid
2057 1406 2155 1446 istud

1578 1455 1647 1493 sibi
1666 1457 1772 1495 vult?
1817 1455 1948 1500 Qualis
1966 1458 2047 1496 haec
2065 1472 2155 1497 con-

1577 1510 1749 1555 suetudo,
1773 1509 1898 1552 ludere
1923 1523 2009 1548 cum
2038 1525 2157 1550 mere-

1578 1563 1692 1599 trice?
1729 1561 1936 1614 Oportetne
1969 1565 2005 1602 id
2035 1574 2072 1602 te
2100 1564 2156 1602 fa-

1577 1615 1688 1652 cere?
1749 1615 1808 1655 Cl.
1835 1614 1939 1659 Quid
1964 1630 2033 1669 ego
2051 1616 2153 1656 feci?

1581 1667 1651 1706 Ch.
1679 1666 1817 1706 Nonne
1842 1681 1912 1720 ego
1936 1678 1973 1707 te
1990 1671 2062 1707 vidi
2072 1671 2154 1708 ‘im-

1578 1722 1722 1758 mittere.
1735 1735 1883 1759 manum
1896 1723 1934 1759 in
1948 1724 2069 1760 sinum
2084 1722 2090 1736 λ’
2099 1737 2156 1761 ..ι-

1572 1774 1634 1823 jus
1667 1774 1918 1812 mulierculae?
1975 1775 2043 1827 Sy.
2076 1778 2155 1814 Ac·

1577 1835 1659 1863 tum
1689 1836 1744 1864 est
1772 1827 1816 1864 de
1836 1825 1905 1865 hae
1924 1840 1983 1865 re:
2013 1829 2153 1877 sentiet

1578 1877 1756 1917 Chremes
1775 1878 2000 1918 Bacchidem
2017 1893 2095 1919 esse
2112 1894 2153 1918 aa

1578 1933 1709 1970 micam
1746 1931 1985 1983 Clitiphonis·
2053 1931 2154 1971 Perii

1577 1998 1658 2036 ego.
1681 1986 1738 2024 CI.
1752 1984 1907 2023 Dicisne
1927 1999 1986 2023 me
2000 1997 2150 2024 manum

1578 2038 1615 2074 in
1635 2039 1757 2077 sinum
1786 2037 1873 2076 huic
1891 2040 2073 2076 meretrici
2094 2039 2156 2076 in-

1577 2091 1756 2129 seruisse?
1827 2091 1897 2129 Ch.
1932 2089 2017 2129 Vidi
2049 2091 2153 2130 hisce

1577 2144 1714 2189 oculis3
1759 2144 1834 2181 noli
1866 2157 2011 2196 negare.
2042 2143 2153 2182 Certe

1577 2195 1664 2234 facis
1715 2197 1884 2246 injurium
1941 2197 2153 2235 indecenter

1575 2249 1627 2286 illi
1656 2248 1803 2294 Cliniae,
1837 2251 1900 2298 qui
1933 2263 2009 2287 non
2036 2252 2153 2301 repri-

1575 2315 1653 2339 mas
1670 2316 1819 2340 manum
1842 2310 1945 2340 tuam
1970 2303 1993 2340 ὲ
2018 2312 2154 2340 tracta-

1574 2355 1677 2392 tione
1699 2355 1776 2404 ejus
1796 2356 1945 2392 amieae:
1976 2369 2058 2392 nam
2079 2353 2151 2393 hoe

1574 2407 1722 2457 quidem
1754 2417 1810 2444 est
1841 2407 1986 2456 injuria,
2018 2407 2153 2445 admit-

1576 2470 1654 2497 tere
1673 2461 1709 2497 in
1730 2459 1880 2497 domum
1896 2473 2000 2498 suam
2027 2459 2151 2499 homi-

1577 2526 1663 2550 nem
1691 2514 1867 2558 amicum,
1894 2523 1933 2549 et
1955 2527 2039 2550 eum
2056 2514 2154 2550 ami-—

1577 2567 1619 2602 cfi
1637 2566 1715 2615 ejus
1744 2578 1819 2602 rem
1848 2565 2008 2602 habere:
2037 2565 2151 2616 quam

1574 2619 1687 2655 etiam
1726 2618 1963 2655 immoderate
1993 2629 2031 2656 te
2065 2631 2152 2670 ges·-

1573 2672 1651 2708 sisti
1669 2670 1749 2708 heri
1769 2672 1805 2707 in
1828 2672 2021 2709 convivio?
2077 2671 2150 2724 Sy'.

1574 2724 1710 2762 Actum
1756 2732 1823 2760 est.
1899 2723 1968 2762 Ch.
2022 2721 2149 2767 Quam

1576 2777 1822 2826 importunus,
1850 2784 1886 2813 et
1909 2776 2062 2814 acerbus
2088 2776 2150 2815 fu-

1575 2829 1659 2866 isti?
1690 2828 1795 2874 adeb,
1824 2829 1874 2865 ita
1903 2842 1962 2866 me
1994 2830 2151 2868 ‹lii-ser-

1574 2890 1675 2925 vent,
1690 2890 1732 2918 ut
1746 2881 1915 2930 equidem
1934 2883 2043 2919 timui
2059 2883 2149 2934 quid

1573 2935 1818 2984 contingeret,
1831 2948 1877 2971 ne
1892 2935 2047 2972 oriretur
2058 2948 2151 2972 eon-

1574 2988 1691 3024 tentio
1718 2988 1813 3023 inter
1838 2997 1877 3023 te
1904 2996 1941 3023 et
1962 2986 2144 3026 Ciiniam:

1573 3052 1642 3089 ego
1674 3041 1756 3077 novi
1790 3040 1980 3085 ingenium
2010 3051 2150 3077 amato-

1574 3086 1675 3129 rum:
1704 3092 1890 3142 accipiunt
1918 3092 2071 3130 moleste
2088 3106 2146 3138 ea,

1573 3158 1656 3194 quse
1676 3158 1749 3181 non
1769 3154 1875 3194 putes
1894 3157 1956 3180 eos
1982 3145 2148 3181 animad-

1573 3206 1710 3234 vertere
1749 3207 1786 3233 et
1822 3196 2008 3246 suspicari.
2084 3196 2146 3235 Cl.

1575 3248 1663 3294 Sed,
1696 3251 1721 3287 ὃ
1751 3258 1863 3300 pater,
1898 3247 1956 3285 hic
1996 3249 2148 3287 confidit

1574 3300 1681 3347 mihi,
1705 3311 1742 3338 et
1767 3310 1822 3337 sat
1844 3302 1957 3338 credit
1974 3314 2034 3338 me
2052 3299 2146 3340 nihil

1573 3353 1756 3391 facturum
1794 3354 1898 3390 istius
1945 3354 1994 3390 rei
2032 3367 2145 3403 quam

1551 3417 1660 3459 pectu
1677 3406 1835 3442 illorum.
1890 3403 2014 3443 Multa
2030 3405 2148 3447 libido

1556 3472 1630 3496 eos.
1684 3457 1767 3509 Ego
1782 3457 1826 3496 de
1840 3459 1983 3511 meipso
2000 3457 2037 3495 id
2055 3471 2146 3497 con·

1550 3524 1668 3549 rcana.

225 3716 272 3747 12
301 3707 499 3761 Easaccre
508 3710 676 3764 prohibet
693 3716 757 3751 tua
771 3710 999 3763 mesenam]
1056 3709 1368 3764 Impersonaliter,
1387 3708 1423 3747 id
1441 3717 1512 3771 cst,⁸
1533 3708 1793 3762 cujuscumque
1811 3709 2014 3763 praesentia.

1486 3758 1516 3798 ὃ
