2314 3944
155 176 273 224 84>

152 313 230 356 Ph.
256 310 382 358 Quem
409 310 522 352 hodie
548 308 730 349 Parmeno

154 367 204 407 ad
251 375 387 405 vestras
427 365 523 402 aedes
566 362 730 402 deduxit.

156 421 233 472 Py.
259 418 378 458 Hunc
395 417 510 456 oculis
526 417 602 454 suis
629 414 731 452 nulla

154 486 202 516 α
233 472 369 511 nostris
395 469 536 509 ancillis
567 479 731 518 unquam

154 525 260 573 vidit,
291 522 470 563 Phaedria.
522 521 592 559 Ph.
634 519 733 558 Nul-

122 590 124 594 ‘
149 577 190 619 la
220 591 308 617 eum
335 576 448 614 vidit?
479 575 556 626 Py.
579 572 642 611 An
673 581 732 619 tu,

153 631 320 676 obsecro,
336 628 436 668 hunc
454 640 532 665 esse
548 626 731 665 credidisti

150 681 385 727 eunuchum,
412 681 476 732 qui
505 679 550 717 ad
575 692 645 717 nos
668 678 733 716 de-

151 737 287 776 ductus
320 733 401 772 est?
450 733 520 771 Ph.
561 730 731 778 Credidi:

152 801 243 828 nam
278 787 422 825 nullum
455 785 569 824 habui
605 784 733 823 alium.

149 842 230 894 Py.
256 840 340 879 Au!
377 838 440 877 hic
468 837 617 890 quidem
649 837 733 875 nul-

153 895 195 934 lo
205 891 394 939 modoini,
408 902 520 944 quem
532 891 576 928 ad
588 904 654 929 nos
662 891 734 927 mi-

150 947 249 994 sisti,
268 954 325 985 est
351 944 629 996 comparandus.
656 941 726 980 Ille

150 1009 231 1039 erat
260 999 420 1051 eleganti
449 997 580 1043 forma,
608 1006 646 1034 et
673 995 727 1033 fa-

148 1054 211 1092 cie
229 1053 395 1103 ingenuo
421 1049 575 1088 homine
601 1049 726 1100 digna.

145 1107 220 1147 Ph.
246 1104 350 1144 Talis
379 1103 482 1142 vobis
517 1103 583 1140 diu
616 1115 727 1153 appa-

147 1159 240 1205 ruit,
271 1159 359 1208 quia
390 1166 490 1194 veste
517 1155 727 1194 versicolori

149 1219 349 1251 exornatus
383 1208 480 1247 fuit:
521 1221 622 1247 nunc
657 1207 728 1246 tibi

147 1265 294 1313 videtur
320 1264 438 1314 turpis
469 1271 508 1307 et
540 1260 727 1307 deformis,

146 1319 237 1369 quia
256 1317 332 1355 'illa
367 1328 443 1353 non
473 1314 622 1354 indutus
657 1322 726 1351 est.

146 1371 224 1423 Py.
267 1368 383 1416 Tace,
432 1379 578 1420 precor:
625 1368 728 1418 quasi

147 1423 262 1476 paulo
275 1424 373 1460 inter
390 1435 429 1459 se
442 1421 626 1459 differant.
666 1418 729 1458 Ad

146 1490 216 1515 nos
235 1475 344 1514 hodie
362 1474 542 1513 deductus
568 1480 627 1510 est
642 1471 728 1509 ado·

146 1529 389 1574 lesce‘ntulus,
419 1528 499 1565 visu
529 1524 730 1577 pulcherri-

146 1596 248 1629 mus,
274 1591 311 1621 et
339 1580 582 1633 gratissimus,
643 1591 728 1616 uem

144 1647 294 1687 semper
304 1644 468 1686 spectare
482 1632 606 1678 velles,
649 1630 726 1669 hae-

145 1689 237 1728 dria.
263 1685 339 1726 Hic
354 1696 410 1733 est
428 1698 580 1737 rugosus
598 1697 724 1731 senex,

143 1743 316 1783 incurvus
355 1749 394 1779 et
433 1739 620 1784 fiaceidus,
665 1751 725 1775 ve-

143 1805 256 1834 terno
272 1793 456 1838 laborans,
473 1791 596 1830 colore
610 1790 725 1830 subli-

140 1847 231 1887 vido
260 1856 299 1885 et
324 1845 495 1892 submfo,
521 1847 618 1883 sicut
643 1857 724 1882 mu-

139 1900 247 1942 stela.
289 1900 360 1939 Ph.
393 1897 512 1945 Hem,
542 1911 626 1949 quoe
642 1894 724 1935 hoec

138 1963 204 1993 est
219 1952 371 1993 fibula?
399 1950 460 1990 Εὸ
490 1964 551 1989 me
573 1949 723 2000 redigis,

141 2015 188 2047 ut
205 2014 352 2059 egomet
366 2005 543 2051 nesciam,
553 2003 724 2041 emerim-

141 2072 192 2099 ne
219 2061 348 2104 istum,
366 2070 496 2096 necne.
549 2054 638 2095 Eho
663 2063 722 2102 tu,

139 2126 236 2153 num
249 2125 322 2165 ego
339 2111 488 2150 emite?
509 2110 584 2149 Do.
599 2107 725 2148 Emis-

138 2168 187 2206 ti.
234 2166 308 2217 Py.
339 2163 500 2215 Impera,
527 2172 570 2202 ut
597 2175 731 2200 rursus-

142 2217 241 2259 mihi
267 2216 512 2270 respondeat?
559 2215 630 2254 Ph.
662 2213 726 2252 In-

120 2282 121 2286 ’
141 2281 305 2325 terroga.
330 2271 404 2322 Py.
432 2267 630 2308 Venistine
657 2266 726 2306 ho·

143 2325 208 2364 die
258 2326 299 2364 in
342 2324 494 2362 domum
530 2322 722 2360 nostram?

140 2376 286 2430 Negat.
311 2376 366 2416 At
395 2375 458 2414 ille
488 2374 582 2414 alter
609 2374 724 2421 venit,

143 2444 260 2484 quem
272 2430 429 2468 deduxit
438 2441 564 2467 secum
579 2425 727 2464 Parme-

143 2496 214 2532 no,
245 2491 356 2523 natus
389 2493 507 2521 annos
547 2479 725 2519 sedecim.

145 2536 220 2577 Ph.
259 2535 448 2588 Agedum,
487 2532 607 2580 Dore,
651 2530 726 2571 hoc

145 2589 244 2630 mihi
268 2589 411 2642 explica
442 2587 626 2680 primum:
655 2599 727 2623 un-

146 2644 203 2693 de·
222 2643 415 2694 sumpsisti
472 2652 540 2678 ane
569 2646 726 2683 vestem,

145 2695 223 2749 qua
267 2696 420 2734 indutus
473 2692 544 2731 es?
598 2692 723 2730 taces?

145 2758 360 2789 monstrose
390 2746 522 2791 homo,
556 2758 603 2783 an
651 2757 727 2782 non

146 2800 314 2841 dicturus
367 2801 436 2838 es?
494 2799 568 2836 Do.
612 2795 730 2835 Venit

147 2853 318 2893 Chaerea.
371 2853 443 2892 Ph.
458 2851 631 2890 Fraterno
649 2855 729 2888 me*

731 164 792 219 P.
826 119 1175 218 TEREN'HI
1209 142 1638 220 EUNUCHUS.

782 307 888 360 Ph.
923 282 1031 363 Qui
1067 307 1131 359 ad
1165 324 1252 359 vos
1294 306 1535 360 deductus
1575 308 1726 361 hodie
1767 322 1856 363 est.
1930 310 2033 381 Py.
2070 311 2210 363 hunc
2280 254 2314 369 l,-

2145 387 2211 434 lo
2273 407 2279 430 ,-

923 378 1083 430 oculis
1107 377 1207 429 suis

781 450 1078 502 Nostrarum
1106 467 1367 518 nunquam
1390 449 1654 519 quisquam
1679 452 1819 514 vidit,
1842 453 2088 505 Phaedria.
2124 476 2125 479 ¹

783 521 889 573 Ph.
912 521 1034 572 Non
1059 520 1216 572 vidit?
1244 520 1344 591 Py.
1369 540 1435 573 an
1459 532 1516 572 tu
1540 521 1675 573 hunc
1701 525 1951 577 credidisti
1978 543 2098 589 esse,
2118 525 2212 577 ob·-

923 610 1081 656 secro,
1233 602 1238 609 “
1272 640 1274 642 ,
1483 641 1488 650 .
1587 612 1591 617 ·
1781 615 1786 622 ’

785 663 867 715 Ad
892 681 981 720 nos
1004 663 1311 715 deductum?
1354 662 1456 715 Ph.
1483 676 1702 734 namque
1734 666 1892 720 alium
1928 667 2081 721 habui
2121 685 2214 718 ne-

926 734 1136 786 minem.
1176 735 1280 803 Py.
1303 733 1398 786 au!
2088 739 2215 807 [erat

783 805 898 857 Nec
933 807 1298 875 comparandus
1334 805 1419 857 hic
1455 805 1662 875 quidem
1697 800 1761 860 ad
1804 808 1951 861 illum
1993 819 2083 862 est.
2125 810 2214 861 ille

787 877 1021 928 Honesta
1043 878 1190 942 facie,
1213 888 1263 928 et
1287 877 1498 928 liberali.
1571 877 1676 929 Ph.
1714 879 1784 930 ita
1806 879 1937 932 visus
1959 892 2034 933 est
2147 885 2209 932 15

780 949 1011 1012 Dudum,
1036 949 1156 1018 quia
1178 949 1314 1001 varia
1335 950 1470 999 veste
1495 962 1761 1002 exornatus
1786 951 1882 1002 fuit
1902 973 1915 1005 :
1944 960 1946 962 ’

779 1019 936 1072 Nunc
960 1020 1055 1072 tibi
1078 1021 1274 1073 videtur
1297 1019 1477 1083 foedus,
1502 1020 1620 1088 quia
1644 1021 1782 1072 illam
1810 1040 1911 1074 non
1937 1022 2105 1075 habet.

781 1090 852 1159 ch
873 1130 886 1143 .
915 1091 1074 1155 Tace,
1097 1093 1338 1142 obsecro:
1377 1091 1516 1159 quasi
1541 1093 1658 1143 vero
1682 1095 1892 1161 paulum
1921 1094 2156 1147 intersiet.

779 1110 869 1214 Ad
886 1180 975 1214 nos
999 1163 1243 1214 deductus
1260 1161 1417 1213 'hodie
1442 1172 1516 1213 est
1539 1164 1958 1230 adolescentuluS,
2015 1147 2023 1162 s
2189 1159 2193 1180 ³

781 1233 955 1304 Quem
979 1243 1035 1284 tu
1058 1234 1226 1286 videre
1248 1234 1366 1285 vero
1388 1234 1557 1298 velleS,
1580 1234 1828 1287 Phaedria.

782 1304 890 1357 Hic
915 1314 990 1356 est
1013 1314 1171 1368 vetuS‚
1195 1305 1372 1367 vietus,
1395 1314 1696 1369 veternosus,
1716 1325 1886 1370 senex,

782 1375 963 1428 Colore
983 1376 1274 1429 'mustelina
1316 1375 1418 1428 Ph.
1449 1375 1607 1439 Hem,
1633 1397 1748 1447 quae
1771 1379 1883 1430 haec
1908 1387 1983 1428 est
2004 1377 2208 1431 fabula?

780 1446 861 1498 Eo
886 1446 1070 1516 redigis
1094 1459 1194 1511 me,
1218 1457 1290 1511 ut,
1317 1447 1439 1515 quid
1463 1448 1671 1514 egerim,
1696 1462 1898 1518 egomet
1921 1448 2160 1502 nesciam.

780 1516 898 1569 Eho
922 1529 995 1580 tu,
1019 1519 1174 1571 emin’
1201 1537 1297 1587 ego
1321 1527 1371 1569 te
1392 1518 1409 1569 ἓ
1449 1517 1553 1569 Do.
1592 1520 1775 1572 emisti.
1813 1522 1913 1589 Py.
1930 1519 2055 1591 jube
2080 1518 2211 1571 mihi

923 1589 1090 1641 denuo
1290 1624 1293 1627 Δ
1855 1630 1858 1632 v
1885 1653 1887 1655 η
2024 1591 2212 1658 [negat.

778 1661 1114 1729 Respondeat.
1156 1661 1257 1712 Ph.
1280 1678 1415 1730 roga.
1453 1661 1556 1731 Py.
1583 1661 1815 1713 venistin'
1839 1661 1988 1714 hodie
2006 1663 2069 1714 ad
2090 1662 2208 1714 nos?

777 1734 850 1784 At
873 1734 959 1784 ille
983 1735 1108 1784 alter
1131 1732 1270 1784 venit
1290 1751 1448 1784 annos
1475 1745 1617 1786 natus
1640 1733 1879 1797 sedecim,
2139 1738 2209 1783 26

778 1804 948 1860 Quem
971 1823 1142 1855 secum
1169 1804 1379 1856 adduxit
1403 1804 1669 1857 Parmeno.
1708 1803 1814 1857 Ph.
1851 1804 2087 1873 agedum,
2110 1804 2211 1856 hoe

923 1875 1051 1927 mihi
1075 1875 1255 1944 expedi

777 1947 1007 2001 Primum
1027 1967 1039 1998 ε
1076 1947 1212 1998 unde
1235 1946 1390 1999 habes
1414 1946 1578 2012 istam,
1601 1965 1755 2017 quam
1794 1947 1965 2012 habes,
1988 1947 2208 1999 vestem?

917 2030 1051 2070 taces
1068 2019 1087 2069 ?
1571 2024 1574 2027 ’
1962 2018 2209 2086 [Chaerea.

777 2090 1070 2142 Monstrum
1113 2088 1366 2142 hominis!
1429 2107 1532 2142 non
1586 2089 1808 2141 dicturus
1828 2089 1846 2140 ?
1908 2087 2014 2140 Do,
2074 2089 2213 2141 venit

778 2162 879 2214 Ph.
907 2161 949 2213 F
954 2162 1172 2213 raterne?
1200 2159 1303 2214 Do.
1325 2161 1394 2212 ita
1418 2172 1507 2214 est.
1534 2160 1638 2212 Ph.
1659 2159 1888 2229 quando?
1916 2159 2022 2213 Do·
2043 2160 2212 2214 hodie.

923 2231 1028 2284 Ph.
1069 2234 1222 2302 quam
1248 2233 1476 2286 dudum?
1517 2232 1623 2284 Do.
1651 2232 1817 2283 modb.
1903 2268 1906 2275 ι
2141 2238 2212 2284 30

778 2303 884 2356 Ph.
919 2303 1185 2360 Quicum?
1223 2303 1329 2356 Do,
1354 2322 1474 2356 cum
1499 2303 1830 2356 Parmenone.
1869 2303 1970 2357 Ph.
2003 2304 2212 2356 nor-asne

921 2393 1040 2428 eum
1064 2375 1233 2444 prius?
1497 2423 1499 2425 .
2074 2376 2214 2445 [cier.

778 2445 887 2499 Do.
921 2447 1077 2504 Nom:
1115 2464 1229 2510 nee,
1263 2445 1374 2516 quis
1411 2455 1551 2512 esset,
1587 2464 1813 2517 unquam
1851 2446 2107 2500 audieram
2133 2447 2211 2499 di-

780 2518 883 2569 Ph.
923 2518 1075 2571 Unde
1101 2517 1270 2586 igitur,
1291 2536 1464 2571 meum
1490 2521 1693 2571 fratrem
1716 2536 1822 2570 esse
1844 2518 2061 2570 sciebas?
2098 2517 2210 2571 Do-

923 2589 1173 2641 Parmeno
1337 2603 1339 2605 ’
1852 2622 1854 2626 -

779 2659 1002 2712 Dicebat
1021 2678 1267 2712 cumesse
1290 2680 1315 2726 :h
1345 2662 1384 2713 is
1409 2662 1546 2713 dedit
1566 2661 1694 2713 mihi
1717 2661 1863 2714 hanc.
1905 2661 2008 2712 Ph.
2027 2659 2210 2712 occidi.

780 2731 887 2783 Do,
923 2732 1102 2855 iMeam
1137 2733 1243 2802 ipse
1276 2732 1474 2786 induit:
1512 2733 1623 2805 post
1659 2736 1761 2785 una
1795 2734 1947 2785 ambo
1981 2731 2212 2783 abierunt

944 2821 1069 2857 oras,
2141 2807 2209 2854 35

2140 1239 2212 1286 20

151 2909 228 2948 us?
285 2907 358 2944 Do.
386 2904 456 2944 Ita.
499 2905 570 2943 Ph.
599 2900 787 2946 Quando?
832 2902 907 2940 Do.
934 2900 1072 2941 Hodie.
1113 2903 1183 2941 Ph.
1212 2901 1503 2955 Quampridem?
1535 2906 1607 2942 Do.
1629 2903 1761 2942 Modo.
1797 2904 1868 2942 Ph.
1885 2902 1981 2941 Cum
1998 2902 2104 2953 quo?
2136 2901 2211 2940 Do.

147 2959 252 2999 Cum
278 2958 523 2997 Parmenone.
577 2956 647 2994 Ph.
675 2954 738 2993 An
755 2955 906 2993 fratrem
931 2969 1055 2994 meum
1079 2962 1188 2995 antea
1214 2959 1462 3007 cognoveras?
1498 2958 1566 2995 Ι)ο.
1591 2956 1768 3003 Minime,
1788 2969 1858 2994 nec
1874 2969 2035 3005 unquam
2054 2955 2100 2992 ab
2119 2954 2211 3001 ullo,

150 3014 238 3064 quis
252 3020 363 3058 esset,
380 3012 452 3049 dici
468 3009 727 3049 inaudiveram.
755 3015 758 3019 ’

779 3008 850 3046 Ph.
870 3005 1071 3058 Undenain
1090 3009 1201 3062 igitur
1224 3008 1369 3048 fratrem
1390 3023 1511 3047 meum
1528 3008 1719 3048 Chaeream
1737 3022 1816 3046 csse
1833 3008 1998 3047 sciebas?
2032 3007 2106 3046 Do.
2123 3003 2212 3045 Par·

150 3077 267 3106 meno
285 3078 373 3109 eum
390 3063 539 3102 fratrem
553 3070 660 3099 tuum
677 3074 756 3098 esse
775 3060 938 3098 dicebat:
964 3059 1117 3100 Chaerea
1133 3060 1229 3100 hanc
1248 3061 1338 3100 mihi
1352 3062 1450 3101 dedit
1466 3072 1614 3101 vestem.
1641 3063 1713 3102 Ph.
1744 3061 1852 3102 Perii.
1880 3062 1956 3100 Do.
1974 3059 2104 3099 Meam
2131 3061 2211 3113 ipse

151 3118 338 3173 sumpsit:
366 3126 497 3172 postea
512 3113 668 3155 Chaerea
683 3122 722 3173 et
740 3111 919 3154 Parmeno
936 3114 1078 3154 aedibus
1097 3116 1230 3169 egressi
1245 3123 1347 3154 sunt.

203 3382 256 3414 21
289 3371 444 3423 Victus]
498 3369 543 3410 ld
560 3377 631 3418 est,
648 3368 860 3432 languidus»,
884 3370 965 3408 sine
983 3370 1033 3408 vi.
1085 3367 1159 3408 Vel

964 3272 1403 3314 ANNOTATIONES.

1263 3377 1311 3408 22
1346 3368 1473 3408 Colore
1496 3369 1714 3421 mustelino]
1746 3369 1822 3409 Hic
1841 3371 1970 3410 erravit
1990 3366 2212 3409 Terentius}

152 3427 325 3474 inflexus,
345 3428 535 3471 incurvum
565 3437 650 3462 nam
676 3435 789 3472 viere,
806 3423 928 3474 inquit
940 3420 1072 3470 Varro,
1101 3431 1158 3461 est
1209 3435 1296 3460 nam
1320 3423 1406 3461 cum
1425 3423 1573 3472 legisset
1604 3423 1701 3474 apud
1719 3412 1992 3464 Menandrum:
2022 3421 2213 3472 γαλεώτης

149 3480 311 3526 vincire3
340 3479 437 3517 unde
454 3477 602 3516 vimina.

210 3530 450 3582 stem-nosue]
508 3529 709 3576 veternus,
737 3543 849 3580 quem
868 3526 1038 3582 λήθαργοι*
1053 3526 1158 3565 Grae-

150 3586 188 3626 ci
205 3584 348 3630 dicunt,
377 3592 432 3622 est
455 3592 643 3634 apostema
665 3596 712 3620 cx
738 3580 964 3634 phlegmate,
997 3579 1054 3620 vel
1081 3580 1158 3618 atra

147 3635 242 3685 bile,
275 3646 403 3676 natum
436 3637 474 3673 in
508 3637 707 3687 posteriore
738 3644 842 3686 parte
873 3635 1026 3682 cerebri,
1053 3633 1156 3670 inex-

149 3690 392 3744 pugnabilem
412 3689 506 3741 pene
532 3688 740 3729 dormiendi
758 3688 1017 3731 necessitatem
1048 3686 1156 3730 indu-

147 3754 258 3796 cent,
272 3753 516 3799 magnamque
529 3739 768 3788 oblivionem.

1209 3473 1329 3527 γέρων,
1349 3474 1446 3526 quod
1461 3470 1718 3525 lentiginosum
1735 3489 1852 3515 senem.
1874 3471 2068 3524 similit-at,
2085 3475 2210 3525 cujus-

1210 3527 1308 3566 modi
1328 3527 1403 3566 sere
1420 3539 1509 3567 sunt
1536 3526 1725 3575 eunuchi;
1754 3530 1800 3567 ad
1827 3507 2105 3568 similitudinem
2121 3527 2211 3566 st'el·

1209 3580 1317 3619 lionis
1333 3581 1399 3631 qui
1419 3580 1516 3633 pelle
1543 3590 1600 3620 est
1626 3582 1822 3627 maculosa,
1855 3591 1897 3619 ut
1923 3580 2116 3628 eunuchus
2145 3580 2211 3618 ille

1208 3643 1300 3680 erat,
1331 3646 1394 3671 ore
1419 3646 1562 3684 sparso:
1603 3634 1727 3672 stellio
1761 3643 1886 3672 autem
1921 3643 1977 3671 est
2007 3631 2210 3683 γαλεώτης,

1207 3685 1363 3726 mustela
1376 3688 1462 3726 vero
1477 3695 1535 3731 est
1558 3690 1681 3740 γαλῆς
1698 3686 1780 3729 haec
1802 3699 1993 3741 perperam
2005 3685 2208 3727 Terentius

1207 3738 1417 3795 confundit.
1479 3776 1483 3780 .
1538 3770 1540 3773 f
