2314 3944
31 181 267 256 178,

112 322 189 361 An.
222 322 284 362 Ad
313 337 398 363 eum
431 324 612 372 accedam,
643 333 682 363 et

113 374 210 414 hanc
305 377 395 415 tiam
426 377 504 426 ejus
535 378 591 429 (ut
618 377 681 415 de·

111 429 245 466 siderat
286 429 509 467 demerebor.
571 428 681 466 Chae-

113 493 184 526 rea,
222 482 456 531 quamobrem
492 483 544 518 sic
578 480 681 518 exul·

114 533 195 571 tas?
225 533 368 576 Quidve
381 532 443 570 hic
457 531 606 570 habitus
621 533 684 570 ‹le-

114 582 246 623 notat?
277 583 378 628 Quid
409 595 466 622 est
486 586 587 634 quod
603 594 704 622 tan-⁴

113 645 190 676 tam
198 637 359 675 laetitiam
370 638 538 688 exprimis
549 638 563 675 ?
580 635 684 680 Quid

50 729 55 733 ,
112 688 185 727 tibi
228 690 306 727 vis?
361 688 506 726 Satisne
557 691 651 740 sapis
663 691 696 729 31

113 740 216 784 Quid
256 755 316 779 me
351 741 531 779 intueris?
570 739 681 784 'Quid

112 793 227 832 siles?
261 792 330 832 Ch.
348 792 508 831 Olaetus
529 803 567 832 et
583 794 681 833 faus-

111 854 171 884 tus
198 845 291 883 mihi
316 845 414 883 dies!
450 847 580 893 amice,
611 848 683 885 sal-

111 911 177 936 vus
191 899 252 936 sis.
291 897 415 935 Nemo
431 907 490 936 est
499 900 681 946 omnium,

110 961 222 1001 quem
252 963 322 1002 ego
349 963 449 988 nunc
473 953 586 1004 magis
617 965 682 990 cu-

137 1016 235 1041 erem
251 1003 371 1041 videre
389 1002 498 1053 quam
513 1013 563 1041 te.
605 1006 680 1042 An.

170 1068 294 1102 oense,
315 1056 458 1101 amabo,
475 1056 564 1106 quid
581 1056 681 1095 istud

50 1140 54 1144 .
110 1110 174 1156 sit,
195 1109 294 1159 quod
309 1117 383 1146 tam
408 1106 566 1146 feliciter
585 1111 681 1148 acci-

110 1161 176 1198 dit.
233 1160 303 1198 Ch.
343 1158 424 1198 Imo
452 1173 523 1213 ego
547 1170 586 1199 te
615 1175 681 1200 oro

136 1226 176 1251 er
197 1211 412 1259 Herculem,
430 1222 472 1251 ut
494 1214 618 1253 audire
634 1215 681 1253 li-

137 1274 197 1304 eat
222 1266 306 1304 tibi.
358 1264 508 1304 Notane
524 1266 594 1305 tibi
623 1276 682 1306 est

107 1317 185 1366 illa,
199 1318 304 1368 cujus
317 1317 426 1357 stater
441 1327 581 1370 amatlor
592 1320 678 1358 est?

107 1370 184 1409 An.
211 1369 316 1409 Nota
339 1379 418 1408 est:
448 1384 582 1423 nempe
608 1373 679 1411 mi-

108 1421 150 1461 hi
166 1423 322 1469 videtur,
339 1423 441 1462 illam
458 1424 546 1462 dicis
563 1423 678 1464 Thai-

106 1475 205 1517 dem.
277 1475 349 1515 Ch.
390 1474 506 1514 Istam
550 1477 677 1522 isam.

106 1527 183 1566 An.
215 1525 278 1566 Sic
305 1530 345 1566 in
371 1529 547 1567 memoria
611 1531 679 1569 be·-

106 1579 204 1620 bam.
260 1580 330 1620 Ch.
357 1579 537 1624 Quaedam
556 1583 681 1634 puella

106 1631 219 1671 hodie
253 1634 289 1671 ei
324 1634 420 1672 dono
463 1635 573 1673 missa
607 1645 686 1676 est..

108 1684 213 1729 Quid
241 1683 334 1738 opus
361 1695 431 1735 est,
450 1695 493 1725 ut
510 1687 588 1738 ejus
605 1689 676 1727 tibi

105 1737 422 1788 pulchritudinem
451 1740 582 1788 verbis,
612 1750 678 1780 aut

106 1789 275 1830 laudibus
318 1793 531 1844 exprimam,
566 1793 681 1832 Anti..

106 1842 200 1896 plin,
225 1845 310 1882 cum
328 1845 424 1882 scias.
436 1845 549 1895 probe
567 1847 677 1896 quam

106 1897 219 1935 scitus
243 1897 313 1934 sim
336 1896 533 1935 formarum
551 1899 678 1951 explo-

106 1957 206 1987 rator
221 1957 260 1987 et
289 1951 513 1988 aestimator?
543 1951 622 2001 ejus
639 1965 677 1990 a-

105 2014 208 2039 more
243 2011 369 2053 eaptus
402 2001 470 2040 fui.
537 2004 609 2042 An.
641 2002 679 2042 1-

106 2054 231 2093 ttne?
279 2053 348 2093 0¹12.
392 2052 434 2092 Si
473 2067 553 2094 eam
579 2057 679 2094 viden
738 2067 742 2071 ’

107 2108 174 2154 ris,
206 2117 442 2145 venusmnun
473 2109 677 2162 principem

105 2172 194 2197 esse.
227 2159 556 2206 &teberisjcerto
589 2163 679 2200 scio.
719 2184 721 2187 ·

105 2209 210 2255 Quid
251 2212 354 2264 plura
395 2213 542 2251 dicam?
597 2215 675 2265 ejus

104 2263 223 2303 forma
240 2264 418 2316 inspecta,
432 2267 558 2304 statim
575 2280 676 2306 amo-

105 2330 146 2355 re
162 2317 407 2356 inflammatus
425 2332 519 2357 sum.
566 2317 676 2359 Forte

79 2402 82 2407 .
105 2370 145 2407 in
171 2370 310 2409 aedibus
339 2371 470 2408 nostris
494 2381 571 2410 erat
595 2374 675 2424 qui-

105 2421 189 2460 dam
207 2421 413 2470 eunuchus,
439 2437 550 2474 quem
567 2424 677 2464 frater

104 2485 243 2513 emerat
266 2474 419 2522 Thaidi3
448 2477 603 2516 necdum
632 2480 677 2518 ad

106 2541 187 2565 eam
232 2536 324 2566 tunc
367 2528 544 2567 deductus
585 2541 676 2570 erat.

104 2578 285 2618 Parmeno
327 2581 380 2619 ibi
419 2595 542 2620 servus
582 2583 675 2623 mihi

105 2632 301 2671 consilium
331 2633 446 2682 dedit,
482 2635 581 2686 quod
607 2650 677 2690 ego

105 2685 208 2723 avide
251 2686 344 2738 cepi.
397 2687 471 2725 An.
511 2686 614 2731 Quid
639 2691 678 2729 id

104 2739 188 2776 est?
222 2737 291 2776 Ch.
303 2787 307 2790 q
319 2738 361 2776 Si
379 2739 565 2779 silentium
583 2755 676 2794 proe·

104 2789 243 2836 bacris,
255 2786 366 2829 citius
374 2794 553 2844 percipies
563 2796 574 2840 ξ
594 2809 677 2833 sua-

105 2842 155 2880 sit
169 2851 213 2881 ut
228 2841 395 2882 habitum
415 2858 499 2883 cum
523 2859 570 2884 eo
595 2860 677 2886 mu-

103 2904 198 2943 tem,
217 2903 260 2934 ut
274 2909 340 2946 pro
353 2896 416 2935 illo
428 2911 489 2935 me
509 2899 602 2937 tradi
613 2901 677 2950 ju-

104 2947 211 2986 beam
237 2946 384 2987 Thaidi.
414 2950 487 2988 An.
514 2949 586 2990 Pro
610 2966 676 2991 eu-

102 2998 301 3049 nuchone?
351 3001 419 3040 Ch.
454 2999 526 3041 Pro
560 3017 676 3042 eunu-

103 3050 189 3091 cho.
226 3053 303 3092 An.
335 3053 563 3106 Ecquaenam
594 3067 677 3099 tan-

101 3105 186 3144 dem
216 3103 290 3145 fuit
315 3107 468 3155 utilitas,
498 3122 608 3160 quam
631 3123 678 3149 ex

103 3156 176 3196 hoc
206 3157 306 3197 fileto
328 3161 560 3212 perciperes?
607 3163 676 3201 Ch.

103 3207 324 3253 Quaerisne?
361 3210 425 3250 Ea-
447 3211 534 3260 fuit,
568 3214 675 3253 Ami-

102 3261 193 3313 pho,
207 3271 252 3302 ut
264 3265 442 3316 virginem
456 3276 675 3317 spectarem,

101 3315 280 3364 audirem,
324 3330 550 3357 conversarer
588 3334 674 3359 cum

14 3384 20 3394 ›
104 3367 163 3414 est,
182 3381 268 3406 cum
285 3369 358 3420 qua
375 3371 581 3422 cupiebam.
610 3373 675 3412 An

692 181 751 234 P.
785 181 1133 236 TERENTII'
1165 183 1581 243 EUNUCHUS.

731 323 840 376 An.
874 324 1058 387 Adibo,
1082 334 1231 394 atque
1253 327 1315 380 ab
1339 345 1400 379 eo
1422 329 1633 395 gratiam
1657 329 1804 394 hanc,
1823 348 1973 403 quam
1997 333 2142 386 video

872 396 1016 460 velle,
1040 395 1194 450 inibo.

733 463 956 527 Chaerea,
999 465 1119 534 quid
1153 476 1227 518 est
1267 467 1402 535 quod
1431 467 1503 520 sic
1543 470 1725 538 gestis?
1765 472 1885 542 quid
1924 472 2017 524 sibi
2056 472 2142 525 hic

874 535 1076 586 vestitus
1101 537 1310 605 quaerit?
1439 556 1442 558 ·
1730 556 1736 561 ’
2071 550 2158 600 ,10

736 603 876 660 Quid
899 617 986 669 est,
1006 607 1139 675 quod
1161 610 1304 659 laetus
1326 608 1425 661 sis?
1464 609 1585 679 quid
1606 609 1700 663 tibi
1722 612 1826 664 vis?
1863 613 2044 667 satisne
2065 633 2142 666 sa·-

876 678 1005 727 nus?
1044 677 1163 746 quid
1189 696 1272 729 me
1955 685 2146 754 [amice

731 746 1039 814 Adspectas?
1078 749 1200 817 quid
1221 749 1388 800 taces?
1431 750 1577 802 Clas
1594 749 1744 808 festus
1761 753 1879 808 dies·
1890 754 2140 807 hominis!

733 817 909 869 Salve:
948 836 1099 870 nemo
1133 829 1207 871 est
1242 819 1491 886 omnium,
1514 839 1667 891 quem
1693 840 1799 891 ,ego
1830 825 1982 893 magi'
2005 843 2142 878 nunc

777 950 779 953 γ
873 906 1107 957 cuperem
1132 892 1282 958 quam
1307 900 1374 943 te.
1931 931 1937 935 -

731 958 829 1012 An.
866 958 1024 1010 Narra
1048 960 1191 1024 istuc,
1216 979 1401 1030 quaeso,
1426 961 1548 1030 quid
1571 962 1679 1014 siet.
1719 963 1810 1015 Ch.
1833 963 1939 1016 imo
1961 983 2056 1034 ego
2091 974 2143 1017 te

871 1031 1075 1082 obsecro
1099 1031 1284 1096 hercle,
1309 1042 1365 1084 ut
1388 1032 1573 1085 audias,

730 1099 927 1153 Nostin'
947 1101 1268 1172 hanc,squam
1292 1103 1440 1156 frater
1462 1104 1630 1156 amat?
1655 1103 1753 1157 An.
1769 1104 1917 1160 novi:
1942 1123 2144 1177 nempe,

871 1171 1064 1241 opinor,
1087 1173 1355 1225 Thaidem.
1757 1226 1762 1230 ,
2080 1184 2142 1230 15

737 1240 824 1294 Ch.
861 1242 1014 1297 Istam
1040 1243 1216 1312 ipsam.
1289 1244 1390 1299 An.
1416 1243 1489 1296 sic
1514 1246 1974 1302 commemineram.
2051 1246 2146 1302 Ch.

874 1313 1104 1383 quaedam
1127 1314 1278 1367 hodie
1301 1325 1374 1367 est
1397 1316 1446 1367 ei
1469 1315 1600 1367 dono
1623 1317 1736 1368 data

729 1382 900 1453 Virgo,
938 1384 1060 1453 quid
1095 1403 1190 1454 ego
1224 1384 1327 1455 ejus
1356 1387 1449 1439 tibi
1485 1403 1621 1438 nunc
1654 1387 1836 1440 faeiem
1870 1389 2158 1459 praedicem'

869 1465 956 1506 aut
980 1455 1197 1520 laudem,
1219 1458 1463 1528 Antipho,

729 1524 862 1576 cum
903 1525 1067 1594 ipsum
1109 1545 1192 1578 me
1235 1529 1384 1594 noriS,
1426 1525 1579 1598 quam
1628 1529 1826 1598 elegans
1865 1531 2140 1586 formarum

871 1606 1117 1666 spectator
1137 1597 1298 1650 siem?
1788 1647 1800 1657 .
1930 1645 1934 1648 -

728 1667 790 1719 In
813 1664 909 1719 hac
934 1676 1214 1720 commotus
1238 1688 1366 1721 sum.
1418 1670 1514 1721 An.
1547 1669 1648 1723 ain'
1669 1671 1762 1723 tu?
1805 1670 1902 1726 Ch.
1924 1671 2141 1742 primam

871 1738 1005 1790 dices
1029 1739 1149 1804 scin,
1167 1740 1209 1790 si
1228 1739 1422 1809 videris.

729 1807 868 1866 Quid
894 1812 1054 1862 multa
1074 1811 1258 1863 verba?
1296 1828 1462 1864 amare
1499 1811 1650 1881 coepi.
1673 1814 1799 1864 forte
1821 1811 2022 1865 fortuna
2053 1813 2154 1866 do-

871 1880 944 1932 mi
2073 1888 2145 1935 20

729 1950 853 2002 Erat
877 1951 1081 2020 quidam
1106 1952 1382 2018 eunuchuS,
1415 1971 1566 2023 quem
1589 1963 1833 2006 mercatus
1865 1955 2027 2006 fuerat
2043 1957 2143 2007 fra-

869 2031 944 2074 ter
965 2023 1149 2074 Thaidi
1167 2045 1179 2077 ε

729 2092 909 2163 Neque
934 2093 974 2144 is
997 2093 1238 2146 deductus
1263 2092 1548 2148 etiamtum
1573 2096 1636 2148 ad
1659 2112 1786 2149 eam.
1829 2097 2143 2149 summonuit

871 2182 954 2215 me
978 2164 1226 2218 Parmeno

727 2233 805 2286 Ibi
846 2253 1027 2299 servuS,
1074 2236 1208 2304 quod
1248 2256 1344 2307 ego
1383 2237 1583 2306 arripui.
1641 2237 1746 2289 An.
1783 2237 1905 2308 quid
1938 2237 1992 2290 id
2027 2247 2101 2290 est
2121 2238 2140 2290 ?

872 2306 957 2358 Ch.
995 2315 1105 2358 tace
1130 2307 1210 2372 εἰς,
1230 2309 1375 2361 citius
1394 2309 1579 2361 audies,

729 2376 804 2429 Ut
825 2387 1011 2429 vestem
1037 2395 1155 2431 curn
1180 2378 1268 2432 illo
1301 2390 1512 2445 mutem,
1537 2390 1587 2432 et
1607 2397 1697 2450 pro
1722 2379 1809 2433 illo
1824 2379 2032 2450 jubeam
2058 2398 2140 2433 me

869 2448 990 2500 illuc
1017 2448 1204 2504 ducier.

727 2518 823 2571 An.
849 2518 947 2571 Pro
969 2520 1287 2573 eunuchon'?
1331 2519 1425 2574 Ch.
1448 2521 1520 2574 sic
1544 2531 1637 2576 est.
1661 2523 1765 2574 An.
1792 2521 1913 2593 quid
1936 2522 2139 2574 tandem

868 2588 1013 2642 exea
1034 2609 1088 2643 re
1111 2600 1168 2642 ut
1191 2610 1395 2661 caperes
1413 2593 1700 2646 commodi?
2068 2598 2144 2645 25

734 2658 826 2713 Ch.
863 2661 1027 2729 Rogas
1049 2663 1066 2713 ?
1122 2662 1358 2726 viderem,
1400 2664 1642 2731 audirem,
1684 2680 1843 2717 essem
1884 2667 2001 2730 una,
2041 2666 2141 2734 qua

869 2750 987 2784 cum
1013 2733 1296 2802 cupiebam,
1324 2734 1565 2804 Antipho.

727 2802 866 2855 Num
908 2821 1058 2872 parva
1096 2822 1282 2871 caussa,
1322 2815 1409 2857 aut
1440 2824 1588 2875 parva
1617 2806 1742 2859 ratio
1788 2814 1862 2859 est
1876 2806 1901 2856 ἒ
1932 2803 2138 2856 maditus

868 2893 980 2926 sum
1005 2875 1218 2928 mulieri.
1876 2876 2103 2944 [domum
2123 2895 2138 2927 ε

728 2943 822 2996 Illa
851 2945 989 2997 illico
1011 2946 1100 2997 ubi
1137 2964 1220 2998 me
1249 2947 1460 3015 accepit,
1487 2949 1601 2999 laeta
1623 2949 1740 2999 vero
1762 2948 1827 2999 ad
1860 2945 2138 2998 seabducit

729 3015 1065 3068 Commendat
1088 3017 1350 3086 virginem.
1377 3017 1483 3070 Am.
1507 3018 1624 3071 cui?
1651 3018 1850 3070 tibine?
1887 3018 1977 3070 Ch.
1993 3016 2140 3070 mihi.

866 3088 961 3140 An.
987 3088 1102 3140 satis
1119 3090 1230 3141 tuto
1246 3097 1436 3140 tamen.
1645 3097 1649 3100 ’
1967 3093 1972 3097 ’

735 3155 783 3209 C
779 3157 827 3209 h.
861 3157 1061 3223 Edicit,
1077 3176 1141 3211 n‘e
1166 3159 1240 3211 vir
1255 3159 1518 3228 quisquam
1541 3161 1605 3212 ad
1627 3178 1746 3213 earm·
1763 3160 1938 3212 adeat:
1966 3166 2017 3210 et
2039 3156 2147 3214 mi-

866 3229 938 3292 hi,
957 3246 1021 3280 ne
1040 3231 1320 3294 abscedam,
1345 3230 1585 3300 imperat3
2066 3233 2138 3281 30

726 3300 789 3353 In
808 3299 1039 3371 interione
1053 3311 1192 3370 parte
1205 3309 1262 3353 ut
1281 3318 1515 3354 maneam
1529 3303 1662 3354 solus
1676 3302 1930 3355 eumenia:
1951 3304 2148 3365 annuo,
2231 3304 2233 3307 ’

98 3418 187 3457 levis
203 3433 324 3470 causa,
337 3431 403 3460 aut
418 3424 512 3462 ratio
526 3423 607 3463 hoec
621 3426 689 3464 tibi
702 3429 871 3469 videtur?
900 3428 1022 3470 Datus
1036 3445 1118 3471 sum
1132 3431 1278 3472 Thaidi.
1331 3431 1400 3471 Illa
1421 3440 1466 3471 ut
1487 3434 1648 3486 primum
1665 3447 1724 3473 me
1741 3434 1897 3486 accepit,
1915 3432 2035 3471 libens
2051 3431 2150 3470 verb

102 3480 141 3509 et
169 3470 296 3511 hilaris
325 3475 388 3513 illa
413 3489 472 3514 me
505 3477 706 3518 introduxit
736 3482 884 3521 domum
900 3498 910 3521 ε
951 3485 1183 3524 commendat
1206 3485 1409 3524 custodiam
1437 3487 1599 3550 virginis.
1652 3487 1728 3526 An.
1755 3485 1856 3525 Cui?
1886 3484 2031 3524 tibine?
2063 3479 2138 3523 072.

100 3521 215 3587 MIhi.
266 3525 341 3564 Au.
368 3525 465 3566 Satis
482 3530 567 3568 vero
584 3533 696 3570 tutori
711 3534 784 3573 fido
803 3535 954 3575 scilicet.
1010 3537 1079 3576 Ch.
1108 3536 1270 3590 Imperat
1295 3551 1343 3576 ne
1370 3539 1424 3576 vir
1441 3549 1635 3591 quisquam
1650 3540 1819 3578 accedat:
1848 3547 1885 3576 et
1912 3534 2071 3576 mfflne
2087 3535 2133 3575 ab

103 3575 147 3616 est
158 3576 340 3620 discedam
358 3580 538 3634 imperat3
566 3593 609 3625 ut
624 3585 852 3629 ininterior'e
864 3589 998 3631 sedium
1015 3598 1118 3644 parte
1131 3603 1337 3633 remaneam
1354 3591 1452 3632 solus
1470 3605 1555 3635 cum
1572 3592 1674 3632 sola:
1701 3601 1796 3633 nutu
1813 3591 2002 3645 promitte,

217 3688 224 3711 1
