2314 3944
728 111 968 199 'serus
1003 139 1074 197 11.
1144 136 1379 197 scENA
1415 136 1512 194 m.

121 289 230 346 Ibo,
245 286 443 346 obviam
462 283 634 354 {hines
668 282 855 353 dicam,
889 281 948 338 ut
977 292 1289 341 revortantur
1314 281 1544 339 domum.

265 357 360 412 Cli.
396 355 550 409 hem!

121 429 262 488 Quid
296 424 459 486 dixti?
529 427 624 498 Sy.

260 519 380 557 nem
403 509 618 569 metum,

117 572 181 630 In
203 589 375 629 aurem
398 572 636 629 utramvis
658 568 814 624 otiose
838 578 896 624 ut
918 567 1151 624 dormias,

122 641 220 697 Cli.
247 643 387 700 Quid
418 661 515 712 ego
539 644 711 695 nunc?
777 642 854 700 Cl.
886 642 1044 695 tune?
1082 639 1208 711 quid
1240 637 1380 694 boni.
1445 636 1543 693 Cli.

261 715 402 785 Syre,
426 715 510 768 dic
533 716 686 770 modo
1202 742 1206 746 ·

116 782 329 842 Verum.
397 786 492 855 Sy.
535 805 630 855 age
671 785 824 841 modo
861 782 1043 841 hodie:
1078 781 1189 835 sero
1227 798 1290 835 ac
1308 810 1309 813 =
1327 779 1542 851 nequid-

261 876 413 927 quam
438 860 589 910 voleS.
1456 920 1469 933 .

122 928 200 981 Cl.
232 927 400 983 Datur
422 930 603 993 modo;
640 930 819 993 fruare,
853 926 977 979 dum
999 924 1152 979 licet:
1188 940 1308 978 nam
1333 939 1542 986 nescim,

116 998 236 1068 Eju’
261 1000 325 1052 sit
347 1010 564 1070 potestas
587 999 811 1069 posthac,
829 1016 896 1050 an
919 1013 1182 1067 nunquam
1204 993 1314 1048 tibi.
1443 998 1541 1045 105

123 1069 222 1124 Cli.
259 1071 397 1140 Syre,
422 1071 648 1141 inquam.
722 1070 810 1139 Sy.
858 1085 1012 1140 perge
1033 1068 1197 1138 porro,
1220 1075 1393 1118 tamen
1416 1063 1544 1117 istuc

259 1160 288 1193 a
323 1161 370 1195 0.
461 1186 464 1192 .
795 1172 798 1179 ·

123 1211 221 1267 Cli.
256 1160 447 1267 Vgerum
471 1212 643 1266 hercle
666 1212 795 1265 istuc
819 1219 921 1264 est:
958 1210 1101 1282 Syre,
1137 1209 1277 1280 Syre,
1302 1207 1542 1277 inquam3

260 1283 399 1350 heuS,
423 1285 564 1350 heuS,
588 1284 727 1354 Syre.
1341 1349 1353 1362 ο

119 1353 207 1426 Sy.
243 1354 539 1409 concaluit:
587 1355 709 1425 quid
753 1354 862 1407 vis?
946 1353 1042 1406 Cli.
1081 1350 1188 1405 redi
1196 1370 1213 1416 3
1250 1351 1372 1405 redi.
1457 1349 1543 1418 Sy.

92 1478 98 1484 ,
258 1426 451 1491 adsum,
475 1427 557 1478 dic
583 1427 705 1496 quid
728 1435 817 1478 est.
1385 1421 1544 1490 [Syre,

118 1494 240 1563 Jam
276 1497 376 1551 hoc
408 1515 609 1567 quoque
644 1497 849 1566 negabis
875 1496 968 1560 tibi
991 1497 1207 1565 placere.
1282 1491 1383 1547 Cli.
1422 1493 1543 1556 imo,

116 1565 190 1618 Et
213 1585 313 1632 me,
339 1582 390 1620 et
415 1587 585 1620 meum
611 1587 855 1633 amorem,
884 1578 934 1619 et
957 1565 1410 1634 famamvpermitto
1432 1563 1543 1615 tibi.

116 1638 200 1698 Tu
220 1655 270 1688 es
282 1637 470 1707 judex:
509 1658 574 1693 ne
597 1641 720 1709 quid
742 1639 1052 1692 accusandus
1074 1639 1157 1703 εἰς,
1175 1637 1306 1688 vide.
1443 1641 1466 1687 1
1479 1641 1501 1686 l
1514 1641 1537 1686 1

118 1708 210 1778 Sy.
247 1709 539 1763 Ridiculum
561 1723 650 1776 est,
665 1721 716 1764 te
739 1711 867 1764 istuc
887 1728 971 1763 me
989 1709 1278 1774 admonere,
1294 1706 1541 1779 Clitipho:

119 1780 278 1836 Quasi
301 1782 414 1835 istie
438 1782 605 1836 minor
627 1800 742 1835 mea
765 1801 841 1834 res
865 1790 1054 1850 agatur,
1080 1782 1361 1849 quamtua.

118 1851 228 1903 Hic
251 1851 292 1902 si
317 1853 439 1922 quid
459 1853 601 1905 nobis
625 1856 751 1905 forte
775 1853 966 1905 advorsi
992 1851 1244 1916 evenerit3

116 1921 236 1974 Tibi
261 1935 408 1975 erunt
432 1934 604 1993 parata
627 1926 790 1990 verba,
814 1925 935 1976 huic
960 1923 1160 1975 homini
1180 1923 1414 1975 verbera:
1442 1926 1540 1973 115

117 1992 436 2066 Quapropter
454 1995 566 2048 haec
590 2013 666 2048 res
690 1996 988 2066 neutiquam
1014 1996 1246 2064 neglecta
1264 2006 1338 2045 est
1361 1993 1522 2067 mihi.

117 2063 219 2116 Sed
243 2067 397 2119 istum
418 2085 583 2131 exora,
606 2079 664 2119 ut
688 2085 829 2120 suam
856 2085 960 2120 esse
984 2065 1268 2119 adsimulet.
1345 2062 1392 2117 C
1391 2065 1421 2118 l.
1445 2064 1544 2117 sci-

256 2134 378 2190 licet

117 2202 391 2261 Facturum
411 2227 502 2262 >me
526 2227 659 2263 esse:
698 2209 753 2262 in
778 2227 896 2263 eum
914 2208 1024 2281 jam
1047 2226 1124 2261 res
1147 2207 1296 2260 rediit
1317 2209 1507 2273 locum,

116 2276 193 2330 Ut
209 2277 273 2330 sit
297 2297 515 2334 necesse.
590 2280 688 2334 Cli.
722 2282 904 2333 merito
927 2299 1044 2333 amo
1066 2290 1135 2345 te,
1160 2279 1341 2333 Clinia.

123 2346 204 2403 Cl.
241 2349 431 2403 Verum
456 2352 544 2404 illa
566 2371 632 2404 ne
657 2353 780 2423 quid
803 2352 1001 2406 titubet.
1075 2352 1163 2421 Sy.
1207 2350 1446 2422 perdocta
1469 2357 1544 2402 est

212 2443 213 2447 ¹
295 2424 428 2474 robe.
750 2452 753 2454 <
1168 2454 1175 2459 -
1444 2426 1543 2474 120

122 2490 218 2542 Cli.
255 2439 325 2543 fit
341 2493 440 2545 hoc
464 2493 697 2561 demiror,
721 2497 811 2565 qui
832 2505 939 2548 tam
963 2495 1111 2548 facile
1133 2494 1354 2566 potueris

117 2560 417 2615 Persuadere
440 2564 534 2630 illi,
559 2583 671 2634 quae
695 2569 820 2619 solet
843 2585 964 2637 quos
987 2566 1248 2637 spernere!

118 2631 206 2701 Sy.
240 2633 310 2716 In·
337 2644 564 2704 tempore
600 2637 665 2689 ad
700 2655 814 2690 eam
850 2639 998 2703 veni3
1055 2637 1189 2709 quod
1222 2654 1392 2691 rerum
1428 2654 1540 2689 om-

249 2723 404 2760 nium
428 2717 504 2758 est

660 428 956 499 ademptum
1000 425 1095 481 ti-bi
1122 423 1235 495 jam
1269 425 1386 481 faxo
1429 444 1544 551 (ἰιόιό

2009 129 2011 131 ’
2065 147 2162 195 121

1595 281 1660 320 ibo
1677 279 1822 320 obviam
1840 280 1912 320 illis
1926 281 2144 323 mulieribus
2155 299 2196 332 3⁸-

1595 335 1715 374 dicam
1733 335 1801 380 eis,
1829 344 1872 374 ut
1898 336 1939 373 in
1964 336 2061 374 aedes
2085 351 2173 376 suas

1594 394 1836 427 revertantur.
1907 387 1996 428 Cli.
2039 387 2169 429 Hem!

1595 440 1701 484 Quid
1712 440 1866 482 dixisti?
1909 441 1980 493 Sy.
1998 438 2087 480 Jam
2105 456 2173 481 au-

1593 493 1710 533 feram
1727 505 1878 533 omnem
1892 506 1939 532 ex
1954 494 2079 533 animo
2092 509 2173 534 me·-

1592 557 1690 595 tum,
1705 575 1712 578 .
1725 555 1769 586 ut
1798 547 1998 598 tranquille
2031 547 2172 599 absque

1594 599 1829 640 solicitudine
1847 612 2021 639 somnum
2037 605 2172 653 capias.

1599 651 1674 693 Cli.
1701 651 1806 696 Quid
1818 651 1918 692 facio
1935 654 2064 692 nunc?
2111 654 2174 696 Cl.

1593 704 1704 745 Tune
1738 706 1871 756 quaeris
1894 706 1991 758 >quid
2029 705 2170 746 facias?

1594 758 1818 809 tibialiquid
1836 759 1925 798 boni
1946 759 2096 799 fortuna
2113 759 2174 798 of-

1594 810 1682 859 fert,
1711 811 1834 850 fruere
1862 825 1922 859 e0,
1948 812 2037 851 dum
2069 813 2174 853 licet.

1598 863 1672 903 Cli.
1699 863 1736 902 Ο
1760 864 1865 917 Syre,
1891 866 1950 904 dic
1969 878 2070 903 nunc
2086 867 2172 904 vere

1594 915 1705 963 mihi,
1719 919 1808 968 quid
1818 917 1937 956 facere
1952 918 2082 956 debeo.
2100 919 2172 971 Sy.

1594 969 1769 1022 Agedum
1798 971 1922 1017 modo,
1953 984 2021 1022 age
2045 984 2170 1018 nunu

1596 1035 1682 1061 nam
1699 1021 1812 1061 hodie
1831 1023 1948 1069 tarde,
1976 1036 2017 1061 ac
2035 1023 2171 1064 frustra

1596 1076 1694 1114 voles
1712 1088 1835 1127 agere,
1847 1077 1878 1114 si
1894 1075 2053 1115 differas.
2108 1078 2170 1117 Gt.

1597 1127 1822 1167 Conceditur
1841 1130 1909 1167 tibi
1927 1128 2002 1167 frui
2029 1130 2169 1178 amicvh

1596 1181 1735 1228 fruere,
1752 1183 1839 1220 dum
1855 1195 1921 1233 per
1937 1183 2170 1222 occasionem

1597 1234 1706 1285 licet:
1737 1248 1821 1272 nam
1839 1236 1984 1286 ignoras
2002 1248 2049 1273 an
2067 1247 2174 1288 post-

1597 1286 1667 1326 hac
1685 1288 1763 1335 ejus
1781 1289 1836 1325 rei
1851 1288 1922 1326 ‚tibi
1936 1288 2090 1326 facultas
2106 1289 2173 1327 de·

1596 1350 1669 1379 tur.
1699 1341 1772 1380 Ccz'.
1787 1339 1892 1393 Syre,
1907 1341 2070 1391 inquam.
2099 1342 2171 1394 Sy.

1595 1392 1711 1444 Perge
1721 1394 1817 1432 ultra
1828 1395 1866 1431 in
1877 1406 1938 1432 me
1944 1395 2168 1433 revocando:

1596 1447 1836 1485 nihilominus
1862 1447 2078 1485 mulieribus
2104 1448 2172 1486 ob.

1595 1501 1693 1538 viam
1710 1513 1770 1547 eo,
1798 1501 1952 1538 amicam
1981 1509 2083 1538 tuam
2113 1514 2172 1539 re-

1596 1555 1783 1591 missurus.
1800 1553 1874 1592 Cli.
1886 1552 1958 1591 Per
1966 1552 2171 1594 Herculem

1596 1620 1722 1645 verum
1734 1607 1847 1645 dicis:
1877 1604 1985 1658 Syre,
1996 1604 2100 1659 Syre,
2115 1608 2173 1644 in·

1595 1673 1727 1710 quam3
1766 1658 1889 1706 Heus,
1922 1657 2030 1707 heus,
2063 1658 2170 1712 Syre.

1594 1713 1665 1765 Sy.
1678 1712 1880 1751 Hominem
1891 1714 2068 1757 excitavi:
2080 1713 2171 1764 quid

1596 1767 1721 1817 petis?
1771 1766 1846 1804 Cli.
1874 1764 2087 1813 Revertere,
2112 1780 2172 1804 re-

1594 1828 1744 1857 vertere.
1761 1819 1832 1870 Sy.
1847 1817 1985 1856 Praesto
1998 1832 2095 1866 sum,
2109 1819 2170 1858 dic

1594 1885 1706 1922 quare
1714 1885 1774 1910 me
1793 1883 1950 1910 revocas.
1994 1870 2082 1910 Jam
2097 1881 2171 1910 sta·

1596 1925 1666 1963 tim
1684 1926 1797 1963 etiam
1824 1925 1976 1977 negabis
2002 1925 2074 1963 hoc
2098 1926 2169 1964 tibi

1589 1978 1798 2028 jucundum
1829 1991 1928 2025 esse3
1974 1987 2017 2015 ut
2050 1980 2170 2017 amica

1594 2032 1732 2079 ueniat,
1765 2040 1804 2070 et
1829 2044 1906 2069 non
1932 2030 2082 2069 domum
2109 2045 2170 2070 re-

1595 2094 1770 2123 vertatur.
1807 2083 1883 2122 Cli.
1900 2082 2009 2128 Quin
2027 2085 2169 2136 potius,

1592 2138 1621 2183 0
1654 2136 1761 2190 Syre,
1805 2137 1874 2175 tibi
1915 2136 2020 2175 trado
2053 2138 2168 2178 etiam

1595 2203 1656 2229 me
1696 2199 1735 2228 et
1772 2203 1898 2228 meum
1934 2202 2095 2228 amorem
2130 2199 2171 2230 et

1596 2243 1902 2284 existimationem
1915 2256 2035 2282 meam
2048 2257 2058 2281 :
2071 2244 2171 2282 arbi·

1593 2305 1692 2335 trum
1710 2305 1748 2335 te
1764 2297 1962 2336 constituo.
2010 2295 2108 2336 Cave
2121 2310 2171 2336 ne

1595 2350 1637 2389 in
1670 2349 1793 2402 aliqua
1824 2363 1862 2387 re
1890 2351 1942 2388 sis
1969 2349 2168 2400 reprehens

1594 2402 1746 2442 dendus.
1806 2403 1876 2454 Sy.
1911 2401 1948 2441 O
1981 2401 2167 2454 Clitipho,

1592 2470 1650 2494 res
1663 2456 1776 2507 digna
1792 2457 1869 2493 risu
1885 2465 1954 2502 est,
1979 2453 2074 2493 mihi
2092 2455 2166 2498 hoc

1591 2511 1808 2562 praecipere:
1838 2509 1941 2559 quasi
1969 2508 2093 2546 minas
2119 2507 2168 2549 de

1591 2576 1677 2600 meo
1698 2562 1863 2614 periculo
1892 2561 2027 2612 agitur,
2053 2560 2166 2612 quiun

1592 2616 1637 2653 de
1656 2625 1722 2653 tuo
1748 2616 1787 2653 in
1812 2613 1884 2652 hac
1908 2627 1961 2652 re.
2004 2611 2048 2652 Si
2066 2613 2166 2653 forte

1591 2668 1791 2719 quidquam
1804 2679 1880 2704 non
1899 2667 2070 2719 prospere
2081 2679 2165 2707 sue-

1591 2722 1763 2766 cesserit;
1792 2721 1814 2758 a
1831 2729 1935 2771 patre
1959 2719 2078 2758 verbis
2096 2719 2165 2758 ob·

1584 2773 1806 2826 jurgaberis,
1849 2784 1920 2824 ego
1955 2770 2165 2811 verberibus

117 2827 252 2866 caedar:
283 2828 427 2891 idcirco!
440 2828 520 2868 haec
539 2843 608 2878 τες,
636 2845 748 2883 quam
764 2833 889 2884 cogito
906 2846 1028 2885 agere,
1056 2833 1160 2872 nullo
1177 2832 1288 2872 modo
1315 2833 1337 2871 a
1360 2845 1419 2870 me
1437 2829 1651 2883 negligitur,
1672 2825 1734 2864 sed
1750 2825 1927 2878 persuade
1943 2824 2092 2874 Cliniae,
2119 2833 2164 2864 ut

91 2887 94 2895 '
115 2879 231 2931 fingat
248 2889 350 2920 tuam
368 2883 523 2922 amicam
540 2897 620 2923 esse
638 2898 754 2924 suam.
809 2885 871 2924 Cl.
897 2884 1067 2925 Profecti»
1084 2899 1140 2924 res
1157 2887 1324 2939 pervenit
1340 2887 1380 2923 in
1395 2898 1483 2923 eum
1501 2891 1655 2926 statum,
1668 2889 1713 2918 ut
1730 2891 1879 2917 necesse
1890 2879 1940 2916 sit
1955 2878 2163 2939 facere-me,

115 2945 130 2968 ‹
144 2933 216 2971 uod
229 2935 357 2972 suadet
375 2933 501 2988 Syrus.
559 2936 632 2976 Cli.
661 2937 698 2976 Ο
717 2936 859 2977 Clinia!
886 2950 972 2978 amo
984 2949 1038 2988 te,
1057 2940 1109 2977 ita
1126 2939 1172 2977 de
1185 2952 1245 2977 me
1257 2940 1410 2978 meritus
1427 2950 1479 2977 eS.
1535 2935 1596 2976 Ol.
1623 2930 1762 2971 Verum
1778 2941 1907 2970 metuo
1920 2945 1970 2969 ne
1987 2932 2026 2969 in
2041 2930 2163 2992 aliquo

172 2983 273 3023 echis
303 2986 464 3037 haesitet,
491 2998 532 3028 ct
557 2990 674 3029 verbis
697 3005 735 3030 se
751 2991 894 3043 prodat.
946 2992 1016 3044 Sy.
1043 2989 1266 3031 Peritissima
1282 2991 1345 3031 illa
1361 3000 1419 3029 est
1435 2989 1564 3028 talium
1585 2985 1927 3025 dissimulationum.
1984 2984 2059 3023 Clz.
2086 2981 2162 3045 Sed

114 3036 207 3076 illud
224 3038 324 3077 valde
349 3042 484 3080 mirum
510 3050 567 3083 est
591 3041 701 3092 mihi,
719 3043 905 3096 quomodo
931 3046 1098 3097 potueris
1122 3044 1338 3097 persuadere
1362 3043 1432 3091 illi,
1454 3052 1531 3083 tam
1553 3039 1659 3079 facile
1673 3047 1717 3076 ut
1735 3039 1887 3084 veniret,
1903 3050 1988 3098 quoe
2005 3034 2162 3074 Bacchis

113 3088 208 3128 solet
221 3090 407 3144 despicere
421 3094 548 3148 quales
561 3093 739 3137 amatores
753 3098 763 3136 l
781 3097 853 3151 Sy.
867 3095 1034 3137 Conveni
1046 3112 1127 3137 eam
1138 3098 1359 3152 opportune,
1370 3095 1471 3150 quod
1481 3105 1538 3133 est
1550 3093 1780 3148 praecipuum
1794 3092 1835 3129 in
1844 3088 2017 3129 omnibus
2030 3088 2137 3127 rebus
2148 3100 2161 3128 ι

915 3301 1355 3344 ANNUI'ATIONES.

171 3418 242 3450 101
275 3412 321 3450 In
350 3426 478 3453 aurem
507 3418 687 3456 utramvis
715 3413 825 3458 otio'se
848 3425 891 3458 ut
917 3399 1105 3472 dormias]
1155 3420 1231 3459 levi
1251 3432 1382 3459 somno
1399 3419 1456 3457 uti
1474 3417 1568 3462 vult,
1584 3418 1624 3455 in
1638 3423 1806 3454 neutram
1820 3412 2004 3453 mcumbst
2022 3425 2162 3462 ‘mmm’

115 3461 162 3503 In
193 3466 368 3506 utramvis
398 3479 523 3507 aurem
553 3470 724 3517 dormire,
754 3480 812 3511 est
836 3473 964 3511 animo
989 3474 1110 3513 otioso
1161 3475 1237 3526 quo
1249 3473 1391 3512 facilins
1405 3471 1638 3523 expergefiat·

114 3529 318 3575 securoque
348 3532 442 3559 esse.
503 3519 646 3561 Eodem
678 3537 789 3562 sensu
818 3524 911 3563 dixit
940 3523 1108 3564 Plinius:

115 3569 225 3608 Nzhz'l
247 3577 312 3619 est,
337 3573 433 3621 quod
457 3573 498 3610 in
521 3575 686 3614 dextram
708 3577 1000 3628 aurem,fiducid
1022 3580 1110 3626 mei,
1161 3578 1423 3618 discedentem.

116 3622 287 3661 domins.
339 3623 555 3665 Admoneat
571 3628 718 3676 medici,
735 3630 828 3668 utin
845 3630 966 3682 primo
979 3643 1111 3671 somno

116 3673 154 3718 in
173 3686 298 3714 aurem
317 3676 479 3716 dextram
498 3679 777 3728 incumbamua3
807 3684 894 3721 cum
912 3685 1114 3745 experrecti
1161 3683 1221 3725 vel
1237 3684 1283 3725 ad
1298 3690 1532 3736 spectatore&

116 3725 312 3771 redormire
329 3731 515 3785 cupimus,
529 3740 572 3773 ut
587 3734 628 3774 in
642 3733 840 3778 sinistram.
893 3733 974 3779 Qui
988 3744 1113 3778 autem

1218 3531 1291 3566 106
1319 3526 1429 3577 Syre,
1447 3523 1629 3575 inquam]
1681 3519 1849 3576 Clitipho
1866 3527 2010 3560 revocat
2026 3518 2161 3572 Syrum

1217 3639 1292 3670 108
1323 3627 1548 3679 Concaluit]
1606 3625 1703 3668 Hoee
1719 3625 1833 3682 Syrus
1859 3626 1956 3669 clam
1982 3625 2163 3678 loquitur,
