2340 3964
776 142 1198 198 TERENTIAN
1206 145 1268 197 A.
1321 183 1323 186 ψ

159 292 521 342 dissimillimus:
557 290 675 339 nihil
699 288 997 339 moderatum
1029 291 1077 337 in
1113 290 1220 344 boc,
1253 288 1370 336 nihil
1397 290 1611 337 consiliie
1648 288 1887 339 contrairi

160 361 247 408 illo
283 358 597 407 moderatiora
630 358 790 415 omnia
825 356 968 422 pene,
1012 355 1155 421 quam
1195 356 1269 404 vel
1310 365 1425 403 aetas
1462 357 1632 419 poscit,
1672 356 1746 403 vel
1777 357 1888 402 sinit

164 420 315 472 amo'r«
1217 441 1221 444 ²
1617 473 1619 475 ,
1814 460 1816 463 ,

226 490 284 540 In
307 488 467 553 primis
490 488 718 536 mirentur
740 488 1055 551 eloquentiam
1085 492 1238 549 poeltae
1265 487 1311 533 in
1331 486 1570 550 Pamphili
1594 486 1813 549 querelis,
1840 487 1888 532 in

163 555 285 603 senis
307 553 670 609 narrationibus,
694 554 1130 607 consultationibus,
1158 562 1210 607 et
1228 553 1651 615 objurgationibus,
1721 553 1796 600 Ab
1819 551 1889 598 his

159 619 394 683 exemplis
411 629 460 666 et
475 621 638 675 verba,
662 631 711 668 et
734 621 907 684 figuras
932 616 1087 666 Latini
1106 619 1351 670 sermonis,
1378 629 1424 662 et
1447 617 1636 663 dicendi
1660 617 1892 664 rationem

161 693 434 733 assuescant
445 695 607 749 petere
618 686 961 734 adolescentes:
988 682 1173 729 felicius
1189 682 1311 729 haud
1327 682 1471 729 dubie
1487 684 1558 728 col
1569 682 1761 728 locaturi
1774 698 1891 746 ope-

163 766 280 808 ram,
305 749 449 816 quam
469 752 507 798 si
530 753 723 807 interea,
746 750 875 797 velut
893 748 1106 796 formicae
1127 747 1319 801 Indicae,
1342 762 1508 795 aurum
1526 747 1859 796 conveherent.
1930 751 1940 756 “

674 835 804 884 ἸΝ
836 831 1346 880 EUNUCHUM.
1440 877 1444 882 ,

230 901 580 950 COMOEDIAE
607 910 657 949 ut
678 899 920 948 hominum
948 898 1107 951 vitam,
1130 912 1278 953 casuS,
1304 898 1501 946 consilia
1523 897 1781 954 imitentur,
1803 915 1890 963 pe·

162 967 316 1015 ricula
338 968 600 1022 continent,
634 965 762 1030 quod
783 973 832 1012 et
853 964 1058 1012 consiliis
1083 971 1132 1009 et
1152 961 1371 1018 fortunae,
1409 964 1457 1010 in
1491 964 1712 1028 periculis
1736 967 1890 1014 maxi-

163 1033 241 1083 me
278 1035 410 1081 locus
445 1043 530 1081 est.
595 1034 760 1095 Itaque
793 1029 905 1077 cum
939 1029 1170 1076 discutere
1201 1029 1464 1090 periculum
1495 1030 1672 1076 ratione
1697 1043 1894 1078 conten-

163 1100 280 1147 dant
304 1114 530 1163 personae,
551 1098 792 1161 finguntur
813 1096 943 1143 varia
964 1094 1177 1148 consilia,
1204 1095 1255 1141 in
1277 1095 1449 1157 quibus
1472 1095 1566 1142 alia
1588 1092 1775 1150 fallunt,
1802 1097 1893 1144 alia

166 1165 327 1212 felicia
348 1172 507 1212 surrtr¹¹
540 1164 679 1228 Saepe
706 1161 814 1226 plus
848 1177 983 1209 casus
1014 1168 1186 1224 potest,
1226 1160 1371 1224 quam
1403 1161 1539 1208 ratio.
1607 1160 1894 1209 Do-minatur

169 1230 269 1279 fere
294 1231 349 1277 in'
365 1229 503 1276 rebus
529 1228 730 1276 fortuna.
1362 1243 1367 1257 ¹

171 1288 174 1291 ⁵
222 1295 470 1357 ,Superiori
494 1293 656 1341 fabula
686 1291 930 1356 proposuit
953 1290 1152 1338 modesti
1179 1292 1490 1340 adolescentis
1513 1293 1816 1357 exemplum:
1856 1293 1893 1340 Is

163 1360 227 1410 de
247 1360 402 1408 officio
427 1376 510 1407 suo
533 1359 726 1408 honeste
752 1357 1000 1406 consultat.
1041 1356 1134 1405 Hic
1158 1359 1287 1405 nulla
1305 1368 1412 1405 sunt
1430 1357 1627 1405 honesta
1651 1358 1891 1421 exempla,

164 1426 349 1474 nullum
368 1425 614 1473 honestum
649 1425 912 1473 consilium.
979 1424 1103 1470 Nam
1131 1424 1385 1471 meretricii
1410 1440 1591 1471 amores
1615 1423 1896 1471 describun-
1918 1457 1921 1459 -

165 1489 281 1541 tur?
313 1494 371 1538 ut'
387 1491 479 1539 hoc
503 1491 724 1553 exemplo
746 1489 1170 1550 cernantjuvenes,
1189 1499 1410 1553 tanquam
1430 1490 1476 1536 in
1496 1491 1705 1552 speculo,
1731 1506 1895 1539 amen-

167 1559 283 1607 tiam
309 1557 574 1616 hujusmodi
598 1564 874 1604 amatorum.
943 1555 1025 1601 Est
1059 1564 1214 1605 autem
1250 1555 1429 1618 duplex
1457 1555 1797 1619 propemodum
1820 1554 1892 1602 fa·

166 1622 295 1671 bula.
353 1622 610 1684 Propterea
639 1621 880 1685 geminum
903 1631 1232 1684 argumentum
1258 1636 1492 1668 recenseO.

236 1688 418 1736 Primas
455 1687 636 1734 Thraso
670 1688 720 1735 in
758 1684 848 1733 hac
881 1684 1043 1732 fabula
1080 1696 1221 1733 tenet.
1289 1686 1347 1732 Ei
1383 1686 1491 1733 cum
1529 1686 1741 1749 pollicita
1774 1693 1895 1733 esset

165 1752 331 1810 Thais,
367 1753 600 1800 facturam
636 1769 685 1799 se
719 1750 789 1799 sui
823 1751 1013 1815 copiam
1046 1750 1146 1797 dies
1168 1751 1375 1815 aliquot,
1411 1751 1589 1798 fallitur
1622 1753 1661 1798 is
1694 1765 1893 1810 tamen5

167 1834 316 1882 eaque
351 1819 551 1883 protasis
585 1817 761 1866 fabulae
795 1827 880 1864 est.
948 1816 1071 1863 Cum
1103 1815 1346 1864 Thrasone
1378 1815 1618 1864 confertur
1641 1817 1893 1864 Phaedria:

169 1885 259 1931 nisi
284 1886 411 1932 enim
437 1884 635 1932 rivalem
659 1884 857 1931 haberet
878 1882 1077 1937 Thraso,
1102 1881 1219 1928 nihil
1244 1882 1589 1944 periclitaretur
1614 1883 1662 1929 in
1686 1899 1860 1929 amore.

236 1950 444 2012 Epitasis
465 1944 643 1996 fabulae
668 1957 751 2005 est,
775 1947 885 1996 curn
904 1947 1112 1995 minatur
1130 1946 1209 1994 ille
1225 1964 1273 1995 se
1290 1957 1676 2012 oppugnaturum
1691 1948 1736 1996 vi
1755 1947 1900 1995 aedeis

142 2026 145 2029 ⁴
169 2013 385 2062 Thaidis.

234 2081 548 2144 Catastrophe
581 2080 782 2128 ridicula
811 2087 898 2128 est.
969 2078 1098 2133 Nam
1118 2077 1301 2126 Thraso
1327 2080 1425 2141 jam
1450 2079 1642 2133 fractus,
1677 2080 1901 2143 precibus

170 2145 407 2209 impetrat,
435 2156 489 2194 ut
511 2146 669 2210 aliqua
693 2147 859 2193 saltem
883 2147 930 2192 in
954 2155 1089 2207 parte
1113 2145 1235 2208 apud
1260 2144 1497 2193 Thaidem
1523 2146 1718 2195 haereat.
1752 2146 1898 2194 Porro

171 2213 282 2274 quia
305 2212 410 2266 haec
434 2211 598 2260 fabula
622 2212 752 2259 varia
774 2220 858 2266 est,
890 2211 1182 2272 multumque
1206 2210 1349 2257 habet
1380 2213 1638 2267 turbarum,
1676 2228 1785 2272 casu
1812 2229 1898 2259 ex-

172 2277 320 2324 oritur
341 2278 458 2325 alius
481 2278 735 2325 tumultus:
761 2279 960 2323 -vitiatur
983 2276 1134 2339 virgo,
1160 2292 1301 2339 quam
1325 2277 1500 2325 Thaidi
1524 2279 1661 2334 miles
1685 2277 1898 2326 donarat.

173 2341 264 2388 Sed
290 2354 361 2389 est
384 2344 497 2390 Yaeta
520 2345 618 2405 ejus
650 2359 835 2406 quoque
869 2342 1067 2404 periculi
1093 2342 1405 2406 catastrophe.
1473 2343 1599 2391 Nam
1622 2358 1744 2391 uxor
1765 2344 1902 2392 datur

173 2407 279 2454 haec
302 2407 604 2463 adolescenti,
630 2410 708 2472 qui
731 2425 836 2456 eam
860 2415 1213 2470 compresserat.
1884 2410 1892 2415 '

240 2473 306 2519 Ut
322 2475 616 2522 Thrasonem
635 2474 885 2521 ridiculum
908 2482 1169 2520 amatorem
1193 2473 1410 2536 fingeret,
1433 2473 1564 2522 addit
1580 2472 1900 2530 Gnathonem,

173 2539 252 2601 qui
275 2539 372 2599 ejus
395 2555 548 2587 mores
570 2539 768 2587 mirifice
793 2539 1024 2602 depingit,
1058 2549 1111 2585 ut
1134 2538 1422 2586 ardelionem
1448 2555 1690 2604 agnoscas,

237 2604 294 2651 In
325 2605 551 2669 superiori
585 2605 747 2652 fabula
777 2605 997 2668 plurimae
1031 2613 1139 2651 sunt
1174 2606 1552 2657 consultationes,
1589 2619 1638 2652 et
1671 2615 1769 2653 tota
1803 2604 1901 2652 fere

174 2671 387 2721 consistit
419 2671 466 2718 in
499 2687 673 2734 genere
706 2670 1035 2718 deliberativo.
1102 2667 1197 2716 Hic
1230 2672 1334 2731 plus
1363 2680 1434 2717 est
1455 2672 1900 2733 expostulationum,

173 2745 221 2781 et
253 2739 543 2784 accusatorio
577 2754 656 2782 seu
685 2735 900 2795 judiciali
934 2735 1097 2799 generi
1133 2736 1328 2782 similior
1362 2745 1446 2784 est.
1514 2737 1711 2783 Nullum
1746 2748 1902 2784 autem

174 2801 287 2847 vitae
323 2818 472 2865 genus
505 2811 590 2856 est,
627 2802 709 2848 ubi
744 2817 841 2848 non
870 2801 1124 2864 plurimum
1149 2800 1446 2848 Thrasonum
1477 2804 1713 2866 reperias:
1749 2817 1903 2865 neque

176 2866 260 2912 ulli
284 2865 383 2914 fere
408 2869 547 2915 rebus
571 2867 788 2914 humanis
811 2865 1166 2929 perniciosiores
1188 2875 1294 2912 sunt
1311 2867 1455 2930 quam
1477 2868 1522 2914 id
1545 2884 1708 2931 genus,
1731 2867 1769 2914 si
1787 2883 1902 2915 con-

176 2931 330 2995 tingat
353 2933 602 2996 imperare.
672 2932 726 2978 In
751 2932 955 2995 templis,
991 2932 1038 2978 in
1063 2932 1196 2986 aulis»,
1220 2933 1267 2978 in
1292 2934 1433 2979 rebus
1455 2934 1659 2996 publicis
1685 2935 1904 2981 omnibus

177 2998 340 3051 omnia
371 3001 586 3054 miscent,
623 3007 672 3044 ut
697 3007 994 3045 emereantur
1021 2997 1148 3060 vulgi
1172 2997 1406 3061 plausum.
1472 2995 1632 3047 Quare
1654 2998 1908 3063 diligenter

177 3069 251 3109 est
283 3063 524 3119 intuenda,
566 3064 1023 3126 contemplandaque
1057 3062 1312 3110 Thrasonis
1347 3064 1506 3128 imago
1530 3066 1579 3111 in
1604 3063 1695 3112 hac
1724 3063 1904 3119 fabula,

178 3137 231 3173 ut
253 3127 421 3182 discas,
453 3130 596 3192 quam
630 3131 724 3176 sint
755 3130 921 3191 inepti,
956 3128 1100 3191 quam
1125 3129 1246 3175 nihil
1270 3129 1532 3176 ardeliones
1558 3130 1646 3177 isti.
1715 3130 1909 3176 Somnia

180 3193 334 3240 verius
362 3195 621 3249 hominum,
662 3193 804 3257 quam
842 3195 1052 3241 homines
1085 3194 1230 3240 dicas,
1300 3193 1465 3242 Refert
1498 3206 1656 3243 autem
1691 3193 1909 3242 conferre

179 3273 286 3304 cum
307 3258 396 3305 hac
419 3261 594 3307 similes
617 3261 794 3307 alicubi
817 3259 1181 3323 descriptiones:
1219 3260 1369 3322 qualis
1393 3271 1462 3323 est
1485 3260 1607 3324 apud
1634 3259 1909 3308 Martialem

179 3323 341 3395 Attali,
364 3326 487 3389 apud
513 3325 757 3386 Catullum
775 3324 984 3382 Suffeni:
1020 3341 1109 3372 nec
1133 3326 1267 3388 piget
1290 3325 1574 3381 adscribere,
1608 3335 1660 3373 ut
1695 3325 1909 3373 ediscant

184 3403 334 3451 pueri.

807 3455 852 3502 A
870 3455 917 3501 D
961 3454 1006 3502 V
1026 3451 1068 3501 A
1088 3455 1131 3501 R
1150 3455 1195 3503 U
1217 3455 1287 3503 M.

311 3519 511 3580 Suffenus
531 3522 629 3573 iste,
659 3521 782 3575 Vare,
806 3537 929 3583 quem
945 3519 1084 3583 probe
1107 3520 1236 3573 ndsti,

310 3588 459 3632 Homo
483 3596 544 3631 esc
567 3597 778 3640 venustus,
802 3598 844 3631 et
865 3587 1019 3640 dicax,
1047 3596 1088 3631 et
1113 3586 1320 3641 urbanus,

311 3652 521 3712 Idemque
544 3651 670 3714 longe⁸
688 3652 908 3710 plurimos
917 3652 1043 3707 facit
1065 3666 1212 3696 versus
1228 3670 1242 3695 .-

276 3768 278 3772 ,
313 3717 437 3764 Puto
458 3732 544 3780 ease
567 3731 646 3778 ego
666 3717 735 3763 illi
758 3717 917 3770 millia,
944 3727 1019 3763 aut
1044 3714 1203 3782 decem,
1229 3724 1308 3762 aut
1325 3715 1464 3777 plura

2061 160 2224 197 CXXXV
