2352 3952
787 152 1273 212 TERENTIANA.

175 312 224 354 et
253 303 507 353 Comoediae
546 303 710 350 veteris
742 310 876 366 pater
905 301 1092 364 Eupolis
1126 317 1235 349 cum
1268 297 1472 354 Cratino,
1508 297 1886 363 Aristophaneque

174 388 271 420 esse
294 374 508 429 dicatur:
533 371 751 417 Homerus
774 380 946 424 tamen,
972 369 1053 430 qui
1078 369 1171 415 fere
1195 365 1348 414 omnis
1375 365 1575 413 Poeticae
1598 366 1885 428 largissimus

175 440 277 486 fons
298 446 383 495 est,
413 438 554 484 etiam
590 436 660 482 his
701 437 989 484 carminibus
1021 434 1240 496 exempla
1277 433 1500 496 praebuit,
1531 442 1579 479 et
1612 433 1740 480 velut
1775 438 1887 495 qua-

174 506 284 552 dam
308 520 503 552 suorum
528 517 723 566 operum
757 504 858 566 lege
898 502 1213 566 praescripsit:
1253 499 1351 556 Qui
1383 499 1579 546 Iliadem
1603 499 1748 546 instar
1770 501 1888 547 Tra-

173 571 355 633 goediae,
389 571 653 634 Odysseam
695 570 755 616 ad
792 570 1040 632 imaginem
1082 567 1356 622 comoediae,
1393 567 1552 613 fecisse
1584 577 1886 615 monstratur.

175 640 300 687 Nam
326 649 432 701 post
453 637 580 683 illius
607 636 698 682 tale
730 646 1010 698 tantumque
1043 634 1398 690 documentum,
1425 635 1484 678 ab
1509 633 1884 694 ingeniosissimis

174 705 489 752 imitatoribus
513 712 561 750 et
583 705 760 765 digesta
781 712 892 750 sunt
923 703 971 748 in
995 699 1224 756 ordinem,
1259 707 1306 744 et
1340 697 1496 745 divisa
1519 716 1590 756 ea,
1613 715 1718 761 quae
1741 703 1884 748 etiam

174 780 276 818 tum
314 770 486 820 temere
522 771 850 817 scribebantur
887 767 1046 814 adbuc
1081 765 1311 828 impolita,
1347 775 1490 826 atque
1527 764 1574 811 in
1615 767 1724 828 ipsis
1761 769 1887 814 rudi-

174 839 342 885 mentis
368 837 755 899 haudquaquam,
781 846 835 883 ut
869 844 1029 897 postea
1052 832 1181 879 facta
1203 841 1330 887 sunt,
1355 832 1531 879 decora
1553 839 1697 893 atque
1731 833 1886 882 laevia.

172 908 241 952 At
265 921 347 952 nos
370 921 441 961 ea,
467 919 576 965 quae
601 902 786 966 proprie
806 902 864 948 de
886 898 1136 962 Tragoedia
1159 899 1360 944 dicenda
1393 907 1518 954 sunt,
1545 898 1686 944 titulo
1710 915 1888 962 propo-

172 971 249 1019 siti
273 972 424 1034 operis
449 972 684 1026 instantes,
707 969 754 1014 in
784 968 878 1015 alia
903 976 1116 1029 tempora
1139 967 1432 1013 differamus:
1468 978 1516 1011 et
1539 966 1596 1011 de
1620 965 1690 1012 his
1712 968 1885 1014 tabulis

164 1038 267 1099 jam
292 1039 563 1102 loquamur,
587 1051 702 1098 quas
745 1034 967 1081 Terentius
1001 1033 1211 1080 imitatus
1241 1042 1326 1081 est.
1397 1033 1654 1095 Postquam
1689 1033 1885 1079 demon·

171 1106 376 1152 strandae
400 1103 587 1165 originis
611 1103 752 1149 causa
773 1101 832 1146 de
860 1099 1107 1163 utriusque
1130 1100 1310 1163 generis
1331 1099 1466 1146 initio
1490 1100 1727 1155 diximus:
1756 1102 1883 1162 quod

173 1187 357 1219 necesse
379 1182 463 1226 est,
482 1169 584 1230 jam
610 1169 836 1216 dicemus.
889 1206 894 1209 .
992 1181 1003 1188 ·

237 1238 480 1284 Gomoedia
514 1236 608 1282 fere
641 1245 789 1290 vetus,
814 1239 869 1280 ut
901 1232 1002 1296 ipsa
1032 1248 1223 1295 quoque
1248 1232 1362 1279 olim
1386 1232 1656 1290 Tragoedia,
1681 1232 1881 1295 simplex

172 1319 360 1353 carmen
386 1301 811 1366 (quemadmodum
840 1301 941 1362 jam
980 1300 1208 1360 diximus)
1238 1300 1354 1346 suit:
1393 1300 1517 1362 quod
1557 1301 1728 1347 chorus
1753 1301 1886 1347 circa

174 1386 279 1419 aras
313 1371 547 1418 fumantes
596 1384 725 1415 nunc
776 1368 1024 1430 spatiatus,
1066 1382 1194 1414 nunc
1241 1367 1512 1422 consistens,
1561 1382 1687 1414 nunc
1736 1368 1885 1414 revol-

168 1453 278 1486 vens
311 1454 466 1501 gyros,
503 1451 612 1483 cum
651 1435 843 1482 tibicine
878 1435 1174 1480 concinebat.
1252 1434 1345 1481 Sed
1368 1432 1521 1497 primo
1558 1449 1653 1479 una
1684 1450 1884 1496 persona

171 1505 428 1553 substituta.
458 1513 527 1550 est
561 1503 850 1558 cantoribus,
886 1516 991 1563 quae
1042 1501 1322 1563 respondens
1374 1500 1566 1548 alternis
1612 1502 1777 1559 choro,
1813 1502 1883 1547 lo·

172 1571 435 1636 cupletavit
470 1569 759 1631 varia'vitque
793 1583 890 1614 rem
926 1567 1189 1623 musicam
1228 1577 1329 1614 tum
1363 1568 1549 1622 altera3
1587 1574 1687 1614 tum
1713 1568 1849 1615 tertia
1869 1586 1885 1624 ;

171 1649 222 1686 et
267 1639 327 1685 ad
380 1646 691 1701 postremum,
737 1644 976 1682 crescente
1022 1650 1238 1687 numero,
1276 1650 1358 1697 per
1403 1633 1621 1681 authores
1667 1635 1889 1692 divorsos,

172 1720 401 1768 personae,
435 1703 597 1767 pallae,
622 1701 859 1756 cothurni,
885 1700 1031 1756 socci,
1067 1708 1114 1746 et
1146 1701 1307 1747 coeteri
1334 1711 1529 1754 ornatus
1565 1709 1709 1757 atque
1744 1702 1882 1763 insig-

152 1773 251 1827 nia
271 1772 570 1818 scenicorum
598 1779 812 1832 reperta:
849 1776 897 1814 et
931 1766 991 1812 ad
1029 1766 1120 1813 hoc
1155 1766 1416 1829 unicuique
1450 1781 1562 1814 suus
1598 1767 1804 1825 habitus,
1838 1778 1887 1815 et

170 1839 231 1886 ad
256 1837 496 1894 ultimum,
520 1837 600 1898 q'ui
624 1837 885 1898 primarum
907 1833 1132 1897 partium,
1158 1834 1239 1896 qui
1272 1833 1609 1891 secundarum,
1644 1843 1690 1880 et
1725 1836 1887 1882 tertia-

173 1921 294 1960 rum,
324 1905 404 1967 qui
429 1913 724 1966 quartarum,
748 1912 890 1964 atque
915 1901 1202 1963 quintarum,
1237 1910 1420 1948 actores
1441 1911 1608 1957 essent,
1634 1902 1886 1949 distributa

171 1981 222 2020 et
243 1971 390 2018 divisa
413 1969 799 2034 quinquepartito
824 1976 925 2016 tota
953 1967 1241 2024 estfabula3
1277 1983 1387 2031 quae
1412 1976 1568 2014 tamen
1605 1969 1652 2014 in
1677 1968 1788 2031 ipsis
1811 1986 1886 2016 or-

174 2037 250 2086 tus
274 2039 345 2086 sui
372 2038 501 2086 velut
524 2037 806 2100 quibusdam
839 2035 1160 2092 incunabulis,
1185 2044 1232 2082 et
1264 2035 1344 2082 vix
1369 2036 1484 2081 dum
1509 2035 1756 2098 incipiens,
1793 2053 1880 2082 κω-

169 2101 324 2170 μῳδία,
360 2103 558 2158 ἐτεαῖνιος
593 2101 670 2150 καὶ
702 2098 890 2167 α’ρχαίκ
926 2101 1056 2149 dicta
1085 2112 1180 2149 est:
1218 2098 1406 2166 α’ρχαία
1445 2102 1640 2159 idcirco,
1675 2103 1788 2164 quia
1817 2109 1887 2149 est

171 2172 232 2218 de
256 2172 390 2218 nobis
415 2170 581 2234 parum
623 2169 824 2232 coguitis
849 2168 996 2215 vitiis:
1034 2167 1437 2225 {rew‘v105,auteni,
1461 2169 1572 2231 quia
1594 2169 1711 2216 inest
1748 2171 1795 2214 in
1829 2168 1887 2214 ea

172 2238 303 2286 velut
325 2238 554 2285 historica
576 2237 690 2284 fides
721 2249 845 2282 verae
882 2236 1179 2290 narrationis,
1217 2246 1264 2281 et
1296 2236 1616 2283 denominatio
1653 2237 1885 2292 omnium,

171 2304 233 2352 de
256 2306 427 2367 quibus
450 2305 595 2351 libere
618 2303 992 2350 describebatur.
1062 2301 1248 2349 Etenim
1272 2317 1357 2365 per
1379 2303 1555 2365 priscos
1582 2303 1765 2360 Po'etas‚
1794 2319 1890 2349 non

172 2379 228 2420 ut
249 2387 394 2430 nunc,
413 2371 602 2434 penitus
625 2371 739 2417 ficta
760 2376 1052 2431 argumenta,
1076 2369 1154 2416 sed
1188 2384 1258 2416 res
1291 2379 1432 2432 gestae
1457 2370 1487 2416 a
1510 2369 1692 2416 civibus
1726 2370 1886 2434 palam

174 2454 287 2486 cum
321 2452 483 2485 eorum
515 2452 654 2500 saepe,
684 2436 764 2499 qui
801 2445 1052 2498 gesserant,
1091 2435 1282 2482 nomine
1313 2437 1704 2483 decantabantur.
1774 2438 1891 2484 Ideo·

174 2507 278 2569 ipsa
299 2521 384 2552 suo
410 2513 617 2567 tempore
650 2504 862 2550 moribus
887 2503 1092 2550 multum
1123 2503 1302 2565 profuit
1340 2504 1572 2556 civitatis:
1610 2505 1715 2550 cum
1743 2519 1894 2550 unus«

175 2572 375 2634 quisque
404 2578 608 2626 caveret,
634 2569 781 2632 culpa
802 2586 860 2617 ne
883 2569 1157 2633 spectaculo
1180 2571 1362 2616 caeteris
1392 2581 1524 2628 esset,
1547 2579 1595 2616 et
1628 2571 1893 2617 domestico·

176 2641 363 2702 probro.
430 2639 520 2686 Sed
541 2637 652 2683 cum
677 2637 842 2685 Po'etae
866 2637 1001 2684 abuti
1024 2635 1245 2684 licentius
1270 2638 1411 2701 stylo,
1437 2646 1485 2683 et
1522 2639 1689 2699 passim
1716 2637 1891 2684 laedere

174 2722 233 2752 ex
259 2705 454 2752 libidine
477 2705 731 2767 coepissent
752 2703 911 2766 plures
935 2706 1101 2769 bonos,
1124 2718 1182 2749 ne
1206 2705 1452 2769 quisquam
1483 2705 1530 2749 in
1555 2704 1759 2750 alterum
1785 2720 1891 2751 car·

178 2788 285 2820 men
308 2772 481 2820 infame
505 2780 788 2836 proponeret
811 2770 910 2832 lege
941 2767 1040 2816 lata
1077 2769 1263 2817 siluere.
1332 2771 1396 2816 Et
1419 2769 1529 2816 hinc
1555 2771 1723 2817 deinde
1757 2771 1891 2818 aliud

175 2855 320 2901 genus
343 2839 534 2895 fabulae,
559 2838 606 2884 id
630 2846 700 2885 est
724 2837 973 2890 SATYRA,
989 2835 1186 2898 sumpsit
1209 2837 1455 2883 exordium
1475 2854 1485 2883 :
1525 2853 1629 2901 quae
1654 2842 1680 2882 ὲ
1705 2838 1889 2901 satyris,
1940 2892 1951 2905 θ

177 2921 296 2968 quos
319 2906 478 2953 illotos
500 2920 683 2966 semper
704 2920 761 2950 ac
784 2903 1053 2966 petulantes
1078 2904 1204 2949 Deos
1226 2903 1402 2950 scimus
1426 2920 1539 2962 esse,
1565 2907 1772 2952 vocitata
1790 2913 1888 2951 est:

177 2972 262 3019 etsi
287 2973 479 3020 aliunde
498 2987 666 3018 nomen
690 2970 888 3018 traxisse
911 2973 1055 3033 prave
1079 2979 1249 3032 putant
1267 2970 1364 3017 alii.
1432 2971 1568 3028 Haec,
1589 2987 1696 3034 quae
1721 2972 1891 3035 Satyra

177 3037 372 3095 dicitur,
396 3038 625 3101 ejusmodi
653 3038 758 3095 fuit,
783 3046 836 3084 ut
872 3038 919 3083 in
948 3035 1032 3092 (³23
1070 3037 1281 3098 quamvis
1313 3038 1434 3083 duro
1470 3047 1518 3084 et
1553 3037 1695 3089 veluti
1720 3039 1891 3100 agresti

170 3106 302 3167 joco,
325 3107 384 3153 de
407 3107 527 3154 vitiis
552 3104 726 3152 civium
749 3113 905 3153 tamen
929 3104 1027 3150 sine
1050 3103 1150 3150 ullo
1174 3104 1348 3166 proprii
1374 3104 1574 3151 nominis
1607 3104 1748 3151 titulo
1785 3121 1892 3151 car-

179 3188 285 3219 men
307 3184 437 3221 esset.
509 3170 804 3227 Quod‘item
839 3186 984 3232 genus
1018 3169 1277 3216 Comoediae
1317 3171 1481 3217 multis
1520 3171 1674 3221 obfuit
1716 3172 1891 3228 Poetis,

179 3238 288 3286 cum
315 3240 363 3286 in
400 3238 717 3303 suspicionem
740 3238 1013 3300 potentibus
1035 3236 1220 3283 civibus
1257 3237 1502 3294 venissent,
1537 3238 1727 3283 illorum
1766 3238 1893 3284 facta

179 3305 472 3366 descripsisse
494 3307 542 3353 in
565 3305 716 3367 pejus,
739 3319 796 3352 ac
833 3305 1112 3350 deformasse
1134 3319 1280 3366 genus
1315 3304 1439 3366 stylo
1475 3304 1725 3350 carminis:
1765 3305 1891 3365 quod

179 3372 329 3433 primo
352 3373 554 3419 Lucilius
576 3386 697 3418 novo
720 3370 997 3431 conscripsit
1021 3370 1177 3426 modo,
1201 3377 1256 3417 ut
1282 3371 1452 3418 Po'esin
1485 3371 1593 3415 inde
1628 3371 1818 3426 faceret,
1843 3371 1893 3418 id

179 3447 263 3495 est,
295 3439 435 3484 unius
467 3437 688 3485 carminis
711 3438 868 3501 plures
889 3437 1050 3484 libros.
1118 3436 1423 3499 Hocigitur,
1460 3451 1555 3497 quo
1590 3440 1729 3498 supra
1765 3437 1890 3483 dixi-

181 3519 303 3561 mus,
340 3505 481 3550 modo
513 3503 666 3551 coacti
700 3506 915 3552 omittere
949 3513 1175 3567 satyram,
1211 3504 1341 3550 aliud
1373 3518 1515 3564 genus
1540 3502 1778 3558 carminis,
1812 3501 1894 3564 τήν

185 3567 286 3616 νέαν
330 3566 590 3633 κωμῳδιαν,
639 3571 733 3619 hoc
776 3581 862 3629 est,
906 3586 1076 3620 novam
1119 3570 1410 3618 comoediam-
1453 3585 1681 3632 reperere-
1715 3570 1892 3625 Poetae,

2125 171 2224 207 XXV
