2314 3944
795 166 1028 224 ACTUS
1063 169 1158 225 ΙΙΙ.
1227 169 1470 227 ’ΒΟΕΝΑ
1507 171 1550 227 Ι.

146 317 431 371 Vehemens
468 312 528 369 in
569 323 835 386 utramque
882 323 1095 386 partem,
1116 346 1121 350 —
1142 314 1469 383 Menedeme,
1515 333 1568 368 es

249 398 256 407 ⁴
285 389 453 452 nimiS‚
680 451 682 454 .

76 525 80 528 ᾖ
141 461 248 512 Aut
265 460 493 530 largitate
515 458 692 524 nimia,
711 468 798 510 aut
820 457 1141 528 parsimonia.

140 531 203 583 In
223 532 435 583 eandem
455 530 683 582 fraudem
699 547 760 582 ex
779 531 875 582 hac
887 545 962 596 re,
982 539 1132 599 atque
1151 546 1215 581 ex
1233 529 1336 595 illa,
1356 529 1565 583 incides·

139 598 370 655 Primum
395 602 518 654 olim
543 601 707 671 potins
731 604 883 672 quam
908 610 1129 672 paterere
1150 599 1316 652 filium

138 673 438 726 Commeare
454 673 518 725 ad
543 673 910 739 mulierculam,
933 691 1050 743 quae
1072 673 1280 742 paululo

135 743 274 797 Tum
299 754 406 797 erat
429 754 683 809 contenta,
707 745 890 815 cuique
913 751 1054 796 erant
1076 754 1218 812 grata
1241 743 1432 809 omnia,

138 813 453 868 Proterruisti
476 815 628 869 hinc:
666 833 726 867 ea
749 823 923 868 coacta
944 814 1170 884 ingratiis

135 886 342 954 Postilla
366 887 524 958 coepit
544 887 738 939 mictum
763 887 913 955 vulgo
936 903 1175 956 quaerere.

133 954 307 1024 Nunc,
331 961 450 1012 cum
474 964 582 1012 sine
605 976 796 1027 magno
821 958 1191 1010 intertrimento
1214 975 1315 1010 non
1339 965 1504 1028 potest

135 1028 348 1096 Haberi,
370 1029 566 1100 quidvis
585 1030 702 1081 dare
726 1028 896 1099 cupis:
934 1047 1072 1095 nam,
1094 1038 1152 1080 ut
1172 1039 1228 1080 tu
1252 1029 1396 1093 scias,
1444 1091 1449 1094 .
1484 1035 1555 1081 40

135 1100 310 1156 Quam
330 1120 389 1153 ea
412 1118 549 1153 nunc
569 1100 808 1152 instructa
826 1101 1036 1169 pulchre
1060 1101 1122 1152 ad
1140 1099 1419 1169 perniciem
1437 1100 1529 1153 siet
1537 1121 1553 1166 3

134 1170 382 1236 Primum,
403 1171 512 1242 jam
534 1171 738 1223 ancillas
762 1189 934 1228 secum
957 1171 1167 1224 adduxit
1187 1173 1300 1241 plus
1325 1172 1519 1238 decem,

132 1242 376 1295 Oneratas
399 1251 549 1306 veste,
573 1251 722 1312 atque
746 1259 882 1300 auro,
905 1251 1121 1312 satrapes
1145 1243 1187 1294 si
1205 1243 1316 1310 siet,

131 1312 354 1366 Sufferre
371 1324 564 1367 amator
587 1330 846 1381 nunquam
873 1312 978 1383 ejus
1002 1324 1230 1384 sumptus
1249 1323 1429 1384 queat:

128 1382 335 1438 Nedum
361 1396 416 1438 tu
449 1385 619 1455 possiS.
690 1384 799 1438 Me.
834 1397 977 1437 estne
1012 1404 1072 1438 ea
1105 1387 1271 1438 intus?
1349 1387 1440 1439 Ch.
1474 1385 1556 1451 sit,

263 1457 453 1526 rogas?
1484 1463 1553 1509 45

129 1524 277 1580 Sensi
298 1549 312 1581 :
349 1546 468 1580 nam
494 1527 543 1580 ei
562 1546 718 1580 unam
738 1544 960 1593 coenam,
982 1538 1134 1598 atque
1154 1527 1259 1598 ejus
1283 1528 1553 1581 comitibus

127 1595 298 1662 Dedi;
335 1599 470 1669 quod
492 1600 534 1652 si
557 1600 742 1652 iterum
767 1599 895 1651 mihi
919 1600 983 1652 sit
1007 1600 1186 1666 danda,
1210 1609 1380 1651 actum
1405 1600 1512 1672 siet.

127 1667 283 1734 Nam,
306 1681 365 1722 ut
387 1670 486 1723 alia
503 1671 754 1735 omittam,
777 1671 1049 1740 pitissando
1074 1672 1225 1724 modo
1245 1671 1372 1722 mihi
1475 1683 1478 1685 ’

129 1738 274 1796 Quid
293 1741 400 1794 vini
416 1742 724 1812 absumpsit!
762 1742 851 1806 sic,
870 1744 975 1807 hoe,
999 1742 1187 1807 dicem,
1213 1759 1445 1812 asperum

126 1811 308 1878 Pater,
331 1813 422 1866 hoc
442 1821 518 1866 est
534 1833 552 1866 .·
595 1814 738 1866 aliud
763 1813 918 1865 lenius
938 1812 1083 1865 sodes
1103 1815 1233 1868 vide.

122 1880 303 1942 Relevi
322 1883 457 1936 dolia
472 1884 661 1950 omnia,
679 1902 854 1938 omnes
876 1885 1056 1938 serias:

122 1951 322 2007 Omnes
341 1955 495 2008 habui
515 1956 783 2009 sollicitos:
821 1966 971 2026 atque
995 1957 1107 2007 haec
1130 1974 1230 2008 una
1256 1975 1374 2010 nox.

124 2022 270 2081 Quid
291 2036 344 2078 te
366 2028 594 2080 futurum
613 2044 800 2090 censeS‚
824 2045 975 2097 quem
998 2027 1191 2079 assidue
1216 2029 1465 2081 exedent?

124 2094 214 2148 Sic
237 2114 322 2150 me
345 2098 398 2150 da
420 2100 679 2163 amabunt,
696 2108 753 2150 ut
772 2110 971 2151 tuarum
997 2098 1275 2150 miseritum
1301 2111 1391 2160 est,

125 2165 452 2236 Menedeme,
469 2171 799 2223 fortunarum.
821 2170 979 2233 ane.
1015 2170 1180 2235 faciat,
1205 2172 1338 2240 quod
1372 2172 1511 2223 lubet
1534 2193 1545 2225 :

125 2238 324 2304 Sumat,
346 2252 629 2305 consumat,
651 2241 858 2310 perdat:
897 2243 1154 2294 decret-um
1178 2253 1252 2292 est
1269 2242 1404 2311 pati3
1478 2243 1546 2293 56

124 2307 267 2363 Dum
292 2311 440 2364 illum
465 2312 616 2365 modo
632 2313 849 2365 habeam
869 2330 1091 2365 mecum.
1172 2315 1260 2366 Ch.
1285 2313 1326 2365 si
1353 2324 1547 2366 certum

267 2387 342 2434 est'
363 2382 458 2435 tibi

123 2449 211 2503 Sic
236 2454 415 2518 facere,
438 2454 564 2507 illud
581 2455 842 2525 permagni
869 2457 1050 2507 referre
1074 2455 1300 2521 arbitror,

124 2521 200 2574 Ut
219 2524 527 2577 nescientem
555 2527 736 2580 sentiat
758 2538 809 2578 te
833 2526 883 2579 id
907 2526 1003 2578 sibi
1027 2527 1159 2580 dare.

123 2592 232 2647 Me.
269 2595 411 2651 Quid
433 2597 651 2650 faciam?
713 2598 800 2650 Ch.
824 2598 1018 2668 quidvis
1038 2598 1218 2668 potiim,
1239 2600 1389 2670 quam
1412 2598 1544 2669 quod

265 2668 484 2736 cogitas:
1476 2675 1545 2720 60

1490 676 1560 724 35

1482 1820 1552 1868 50

121 2797 196 2835 vini
223 2796 443 2839 exhaustum
471 2810 529 2840 est
557 2800 674 2841 mihi!
716 2804 803 2842 cum
835 2801 991 2850 diceret,
1021 2802 1107 2841 Hoc
1135 2803 1261 2841 vinum
1290 2811 1347 2840 est
1371 2801 1559 2849 acerbum,

2099 179 2198 230 125

1620 313 1862 363 Meneclem,
1892 316 2005 356 nimis
2034 331 2197 372 propen-

1619 369 1685 407 des
1726 370 1766 407 in
1799 379 1995 422 utramque
2035 382 2192 423 partem,

1619 423 1660 460 in
1696 422 1869 461 duritiam
1917 431 1956 461 et
1996 424 2194 477 indulgen-

1617 476 1729 513 tiam:
1758 487 1888 526 peccas
1906 476 1963 514 vel
1989 478 2104 516 nimia
2126 478 2192 516 be·

1615 528 1803 580 nignitate
1852 528 1910 566 vel
1963 531 2188 568 tenacitate:

1615 590 1771 633 utraque
1806 580 1875 620 tibi
1903 583 2041 634 pariter
2070 582 2191 621 fraudi

1615 634 1700 672 erit.
1769 633 1873 672 Olim
1906 636 2192 687 perterrefecisti

1615 685 1749 734 filium,
1791 686 1920 740 potius
1962 689 2073 739 quam
2088 685 2190 740 ‘per-

1614 740 1778 778 mitteres
1799 753 1888 780 eum
1904 743 1994 780 itare
2019 742 2065 780 ad
2091 739 2190 780 hanc

1612 792 1807 843 puellam,
1835 807 1920 845 quae
1952 802 2042 833 tunc
2086 795 2187 833 victu

1610 846 1714 883 tenui
1742 846 2010 896 acquiescebat,
2046 856 2083 886 et
2121 849 2184 885 cui

1610 899 1737 936 omnia
1765 899 1974 950 placebant,
2012 914 2098 951 qnoe
2128 900 2184 939 illi

1608 950 1799 988 dabantur.
1849 950 1910 990 Ex
1939 965 1984 990 eo
2013 962 2185 1004 tempore

1607 1003 1796 1055 compulsa
1819 1003 1894 1042 fuit
1911 1004 2026 1043 invito
2043 1007 2183 1055 animo,

1607 1065 1652 1094 ut
1677 1057 1788 1095 vitam
1816 1058 1966 1109 inopem
1993 1058 2182 1107 toleraret,

1607 1120 1738 1160 corpus
1749 1109 1910 1161 vulgare.
1938 1110 1976 1148 N
1979 1124 2052 1148 unc
2065 1124 2182 1161 quan-

1606 1162 1655 1200 do
1672 1162 1768 1200 filius
1785 1172 1870 1200 tuus
1888 1176 1964 1201 non
1991 1173 2112 1214 potest
2135 1165 2180 1203 ea

1606 1215 1716 1266 potiri
1733 1216 1813 1253 sine
1829 1224 1896 1254 tuo
1913 1217 2010 1267 gravi
2029 1217 2180 1264 damno,

1606 1276 1754 1319 paratus
1801 1281 1840 1306 es
1889 1269 1974 1306 dare
2020 1268 2181 1308 libenter

1607 1320 1790 1370 quidlibet
1805 1321 1904 1372 quod
1920 1330 2079 1374 petatur.
2133 1321 2180 1362 In

1607 1373 1728 1412 dando
1774 1374 1872 1412 ultra
1914 1375 2065 1413 modum
2110 1375 2182 1413 lar-

1607 1427 1690 1477 gior
1719 1440 1780 1474 es3
1825 1440 1913 1466 nam
1947 1441 1995 1465 ne
2031 1428 2179 1479 ignores

1607 1478 1719 1530 quam
1767 1480 1912 1533 egregie
1956 1491 2083 1519 ornata
2125 1491 2181 1520 at-

1606 1546 1681 1582 que
1715 1542 1887 1584 apparata
1926 1534 1975 1571 sit
2020 1533 2065 1571 ad
2103 1536 2180 1572 rui-

1605 1597 1690 1624 nam
1743 1585 1971 1624 fortunarum
2032 1594 2178 1625 tuarum

1603 1648 1642 1675 et
1693 1638 1777 1684 filii;
1851 1640 2014 1690 primiim
2076 1653 2178 1678 nunc

1602 1691 1708 1729 duxit
1733 1705 1860 1730 secum
1891 1693 2085 1744 plusquam
2113 1693 2179 1731 de-

1602 1757 1683 1782 cem
1708 1745 1859 1782 ancillas
1889 1754 2038 1783 onustas
2070 1747 2179 1784 vesti-

1603 1797 1687 1844 bus,
1718 1799 1912 1849 aureisque
1941 1800 2180 1839 ornamentis,

1604 1848 1647 1887 Si
1688 1859 1846 1902 satrapa,
1884 1851 1942 1889 vel
1982 1849 2176 1902 piaefectus

1602 1904 1802 1955 provincioe
1836 1903 1887 1941 sit
1919 1912 2060 1942 amator
2095 1904 2176 1954 ejus

1603 1955 1754 2008 puellae,
1780 1970 1972 2007 nunquam
2015 1965 2098 1994 ueat
2115 1971 2178 1994 su-

1602 2010 1738 2048 stinere
1771 2011 1954 2060 impensas
2005 2009 2174 2048 aciendas

1601 2063 1681 2112 ejus
1713 2063 1838 2108 causii3
1875 2071 2021 2100 tantum
2056 2063 2175 2110 abest,

1600 2124 1646 2153 ut
1681 2125 1723 2152 tu
1755 2113 1813 2152 his
1844 2114 2011 2153 sufficere
2042 2117 2173 2167 possis.

1600 2167 1681 2206 Me.
1695 2166 1800 2206 Eane
1817 2177 1871 2205 est
1891 2169 1928 2205 in
1949 2168 2059 2206 domo
2079 2169 2171 2206 tufi?

1605 2219 1674 2258 Ch.
1691 2219 1904 2267 Quaerisne,
1931 2234 1978 2259 an
2005 2222 2052 2258 sit
2078 2223 2175 2272 apud

1601 2273 1685 2312 me?
1715 2272 1814 2311 Satis
1840 2274 1987 2325 percepi
2015 2284 2095 2312 eam
2121 2274 2173 2312 ibi

1601 2338 1700 2364 esse:
1730 2340 1814 2364 nam
1834 2327 1867 2363 ei
1895 2336 2005 2377 atque
2030 2326 2171 2364 ancillis

1601 2392 1684 2430 quae
1711 2389 1797 2417 sunt
1823 2393 1861 2416 m
1890 2392 1967 2429 eJus
1995 2390 2173 2417 comitatu

1599 2445 1712 2469 unam
1729 2445 1872 2470 coenam
1897 2431 2059 2482 praebui:
2089 2445 2173 2483 quae

1599 2485 1630 2522 si
1649 2484 1784 2523 iterum
1812 2484 2009 2536 praebenda
2026 2485 2087 2531 sit,
2117 2486 2172 2522 ni-

1597 2536 1650 2575 hil
1667 2536 1761 2575 mihi
1790 2538 2020 2588 relinquetur
2038 2550 2083 2574 ex
2104 2537 2173 2575 bo-

1599 2592 1668 2627 nis.
1736 2589 1836 2628 Nam
1878 2598 1922 2627 ut
1955 2598 2172 2641 praeteream

1600 2643 1682 2688 alia,
1719 2657 1803 2694 quae
1848 2643 2024 2695 impensae
2063 2653 2170 2690 sunt;

1599 2696 1729 2733 leviter
1775 2695 2001 2746 degustando
2045 2696 2171 2734 vinum

1599 2747 1767 2786 tentandi
1810 2749 1940 2801 gratia,
1988 2757 2170 2799 quantum

1586 2802 1686 2839 aliud
1713 2802 1838 2839 mitius
1865 2801 2003 2853 praebe,
2030 2815 2169 2852 quaeso.

121 2847 336 2898 Considera,
353 2854 379 2892 6
397 2852 638 2902 Menedeme,
657 2857 782 2907 aperui
800 2868 928 2894 omnes
942 2857 1066 2903 cados,
1084 2869 1211 2895 omnes
1229 2854 1424 2907 amphoras
1442 2864 1479 2892 et
1497 2868 1580 2893 vasa
1597 2854 1738 2900 fictilia,
1756 2855 1795 2892 in
1812 2854 1948 2905 quibus
1967 2855 2093 2892 vinum
2112 2868 2169 2892 as-

121 2903 328 2944 servabatur
343 2921 352 2943 :
381 2918 509 2946 omnes
528 2921 649 2946 servos
667 2921 769 2946 meos
784 2909 887 2946 variis
907 2909 1118 2948 ministeriis
1132 2909 1306 2960 occupavi
1323 2922 1332 2945 t
1361 2910 1470 2959 atq'ue
1488 2905 1567 2946 haec
1582 2908 1656 2945 una
1668 2908 1816 2946 tantum
1832 2917 1942 2945 nocte
1960 2906 2054 2944 facta
2067 2917 2167 2945 sunt.

119 2951 224 2998 Quid
241 2965 279 2995 te
303 2966 413 3010 putas
430 2959 523 3008 fore,
541 2961 646 3011 cujus
663 2961 832 2999 corrodet
848 2961 1088 3000 substantiam
1106 2969 1145 2999 et
1162 2959 1350 3010 facultates
1366 2970 1440 2998 tam
1459 2959 1697 3011 frequenter?
1726 2957 1791 2998 Sic
1811 2972 1870 2998 me
1894 2959 1944 2997 dii
1970 2969 2110 3006 ament,
2128 2966 2170 2998 ut

122 3015 274 3047 tuorum
290 3009 472 3051 bonorum
483 3014 642 3064 jacturae
659 3015 979 3053 commiseratione
997 3027 1157 3053 moveor.
1210 3013 1289 3053 Me.
1317 3011 1441 3052 Faciat
1456 3013 1552 3051 filius
1567 3025 1672 3051 meus
1689 3026 1734 3051 ex
1751 3013 1865 3051 animi
1883 3014 1940 3050 sui
1957 3011 2166 3050 sententia:

121 3056 257 3121 sponte

273 3063 404 3114 capiat,
420 3074 461 3104 et
477 3075 660 3118 quantum
676 3067 788 3114 volet,
804 3066 1010 3114 exhauriat,
1023 3068 1069 3106 ad
1082 3065 1241 3105 nihilum
1259 3065 1399 3118 redigat
1415 3080 1425 3103 z
1453 3065 1595 3104 decrevi
1611 3065 1691 3103 haec
1705 3066 1830 3104 omnia
1843 3064 1953 3111 ferre,
1968 3064 2169 3103 dummodo

39 3136 49 3143 ·
119 3122 199 3160 ⁶]OE
216 3116 411 3164 praesentia
425 3116 536 3158 fruar.
593 3118 667 3159 oh.
694 3117 737 3158 Si
758 3120 808 3158 ita
825 3120 1068 3158 constitutum
1087 3127 1142 3158 est
1165 3119 1234 3158 tibi
1250 3117 1384 3165 facere,
1402 3131 1537 3158 censeo
1552 3119 1588 3156 id
1603 3117 1763 3157 multum
1781 3118 1826 3156 ad
1842 3127 1996 3155 vestram
2013 3129 2089 3155 rem
2108 3118 2168 3155 in-

120 3170 274 3213 teresse,
291 3174 337 3205 ut
361 3168 425 3207 ille
446 3171 646 3219 existimet,
677 3181 716 3210 te
745 3172 931 3212 nesciente
958 3171 1016 3210 vel
1039 3173 1209 3225 decepto,
1237 3181 1382 3210 tantum
1400 3172 1472 3212 sibi
1498 3179 1712 3224 sumptuum
1730 3170 1883 3209 concedi
1899 3168 2032 3207 facere.
2084 3168 2166 3217 Me.

117 3211 371 3270 Qlfldagm?
428 3219 498 3263 ch.
525 3222 732 3268 Quodlibet
747 3225 862 3275 aliud,
884 3225 1010 3279 potins
1025 3225 1136 3279 quam
1155 3225 1193 3265 id
1209 3226 1308 3276 quod
1326 3225 1549 3264 constituisti
1558 3241 1569 3273 ς
1599 3223 1738 3273 scilic-et
1752 3225 1844 3277 pati,
1862 3231 1906 3261 ut
1924 3230 2059 3277 sumat,
2078 3235 2169 3263 con-

120 3275 258 3318 sumat,
273 3271 422 3323 perdat:

927 3370 1367 3413 ANNOTATIONES.

171 3442 221 3482 3⁷
252 3437 457 3494 [malm-J
511 3441 780 3491 Adverbinliter
795 3448 962 3500 ponitur,
988 3448 1026 3488 id
1044 3456 1116 3497 est,
1169 3461 1256 3486 nam
1274 3446 1415 3487 Plinius
1432 3446 1560 3494 refert,
1585 3443 1709 3493 doliis,
1731 3444 1865 3497 quibus
1884 3442 1996 3483 hodie
2012 3444 2169 3491 utimur,

117 3488 237 3529 invito
249 3492 386 3531 animo.

1167 3503 1316 3540 tantum
1346 3502 1388 3541 in
1418 3499 1577 3552 Alpibus
1607 3511 1676 3537 suo
1709 3507 1878 3550 tempore
1911 3496 2083 3536 homines
2112 3498 2170 3535 uti

171 3550 223 3582 48
252 3544 488 3597 Pitissandoj
545 3545 590 3588 Id
615 3559 686 3598 est,
713 3553 891 3605 expressis
916 3551 1028 3595 labris
1055 3567 1119 3594 ex-
1170 3555 1339 3606 coepisse.
1382 3549 1487 3591 Seria
1499 3552 1816 3590 estvasvinarium
1827 3549 1939 3589 fictile
1953 3549 2170 3602 oblongum.

117 3595 281 3648 puendo,
294 3597 383 3637 dum
396 3600 479 3650 quis
490 3612 657 3652 saporem
675 3605 750 3644 vini
762 3605 908 3658 probat.

175 3656 222 3687 51
251 3649 377 3690 Relevi
392 3652 491 3692 dolia
507 3656 647 3703 omnia,
668 3669 791 3696 omnes
807 3657 947 3709 serias]

118 3697 270 3763 fixerunt
314 3701 491 3745 Romanis
530 3719 613 3747 vasa
653 3710 790 3761 majora
823 3713 911 3750 vino
941 3712 1118 3752 servando
1167 3711 1294 3754 oblita.

115 3756 303 3809 praecipue
336 3756 482 3809 idonea,
512 3772 599 3815 quae
636 3763 795 3808 maxime
829 3763 956 3806 fictilia
989 3773 1114 3815 emm

1169 3605 1343 3645 Relinere
1360 3615 1432 3653 est,
1450 3606 1590 3658 aperire
1614 3605 1714 3656 quod
1736 3602 1911 3651 oblitum,
1937 3602 2169 3642 obturatum-

1002 3657 1117 3700 Dolia
1166 3671 1241 3712 que
1271 3669 1363 3711 erat,
1391 3658 1518 3699 soluta
1544 3656 1674 3712 argilla
1701 3666 1766 3700 aut
1795 3669 1928 3712 gypso,
1957 3669 2033 3708 quo
2065 3662 2170 3693 erant
