2352 3952
753 146 762 158 ’
788 93 1284 198 TERENTIANA.'

166 300 329 361 aptum
358 313 423 346 ex
460 314 509 346 se
545 296 713 353 totum,
751 306 799 344 et
825 313 922 345 uno
955 313 1153 362 corpore
1180 292 1400 344 videatur
1433 307 1534 343 esse
1557 289 1888 359 compositum.

165 366 286 414 Illud
302 380 487 428 quoque
510 365 726 412 mirabile
757 365 804 410 in
828 381 885 410 eo
905 365 1072 425 primo,
1101 361 1228 426 quod
1255 379 1350 409 non
1378 363 1444 408 ita
1474 362 1641 408 miscet
1665 377 1886 424 personas

149 439 375 493 quatuor,
401 439 452 476 ut
473 431 674 476 obscura
699 430 762 474 sit
784 446 944 475 earum
964 430 1216 475 distinctio.
1283 429 1345 474 Et
1378 427 1488 474 item
1519 425 1645 490 quod
1682 427 1803 472 nihil
1826 427 1888 472 ad

154 496 392 559 ipopulum
427 494 544 541 facit
577 504 784 541 actorem
823 496 950 541 velut
983 511 1044 540 ex
1080 491 1314 556 tragoedifi,
1356 492 1511 555 loqui:
1561 491 1685 556 quod
1720 492 1889 538 vitium

134 610 138 614 ,
162 562 322 607 Plauti
350 559 773 623 frequentissimum
801 570 886 608 est.
953 559 1074 606 Illud
1109 559 1250 604 etiam
1274 559 1398 603 inter
1418 555 1889 618 caetera‘ejuslaude

162 625 360 688 dignum
380 625 580 679 videtur,
603 624 730 688 quod
762 625 1072 688 locupletiora
1098 633 1378 687 argumenta
1410 639 1470 668 ex
1504 622 1770 684 duplicibus
1803 638 1891 669 ne-

156 691 305 754 gotiis
325 690 556 754 delegerit
591 691 650 736 ad
686 690 1029 737 scribendumae»
1069 689 1195 735 Nam
1228 685 1432 747 excepta
1461 685 1673 750 Hecyra,
1710 689 1756 734 in
1792 687 1887 750 qua
1939 749 1947 751 Π

158 755 303 802 nnius
337 755 573 818 Pamphili
600 772 732 802 amor
767 755 853 811 est,
886 763 1082 819 ,caeterae
1105 753 1310 816 quinque
1346 751 1891 799 binosadolescentulos

165 821 373 871 habent..
429 821 551 868 Illud
586 819 700 868 vero
732 819 988 867 tenendum
1021 827 1105 872 est,
1142 827 1248 880 post
1280 815 1383 864 νέαν
1418 814 1663 881 κωμῳδίαν
1699 818 1890 864 Latinos

165 886 317 933 multa
347 886 614 933 fabularum
648 901 821 950 genera
851 883 1132 946 protulisset
1171 890 1222 930 ut
1250 880 1447 946 togata8‚
1475 882 1504 928 a
1527 882 1728 932 scenicis
1750 891 1891 946 atque

158 954 460 1014 ¹argumentis
494 952 702 999 Latinis:
756 958 1079 1012 praetextatas,
1112 949 1174 995 ab
1209 947 1446 1010 dignitate
1484 963 1808 1011 personarum,
1844 958 1893 995 et

160 1017 336 1063 >Latina
371 1016 590 1065 historia:
626 1013 974 1069 Attellanas,'a
1006 1014 1199 1062 civitate
1233 1013 1527 1076 Campaniae,
1562 1013 1644 1060 ubi
1680 1013 1891 1060 actitatae

130 1121 133 1128 .
158 1093 274 1128 >sunt
296 1083 546 1145 plurimae:
583 1080 906 1135 Rhintonicas,
932 1082 993 1127 ab
1025 1080 1195 1126 actoris
1230 1080 1465 1126 nominet·
1487 1078 1794 1130 tabernarias,
1827 1080 1890 1125 ab

166 1147 718 1209 humilitate‘argumenti
743 1156 792 1192 et
813 1147 933 1194 stili:
970 1145 1153 1199 mimos,
1180 1143 1409 1192 diuturna
1438 1143 1702 1191 imitatione
1726 1144 1892 1192 vilium

165 1229 321 1260 rerum
346 1221 395 1260 et
420 1211 593 1259 levium
619 1227 942 1275 personarum.>
1000 1210 1435 1274 Intertragoediam
1456 1217 1612 1256 autem
1637 1218 1684 1256 et
1707 1224 1890 1256 comoe-

164 1277 293 1325 diam
315 1276 426 1325 cum
451 1278 614 1331 multa,
634 1287 734 1324 tum
754 1277 800 1323 in
820 1278 986 1340 primis
1004 1276 1095 1324 hoc
1118 1275 1283 1323 distat:
1322 1272 1449 1339 quod
1467 1275 1516 1321 in
1533 1272 1770 1322 comoedia
1790 1290 1890 1321 me-

81 1352 96 1358 ‘
167 1341 350 1390 dioeres
371 1341 569 1390 fortunae
588 1343 844 1402 hominum,
864 1345 993 1406 parvi
1015 1345 1218 1405 impetus
1235 1340 1764 1414 periculaquezlaetique
1785 1353 1896 1387 sunt

167 1409 322 1455 exitus
352 1409 616 1456 actionum:
657 1416 706 1455 at
732 1409 780 1456 in
817 1407 1070 1472 tragoedia,
1095 1410 1254 1454 omnia
1277 1407 1526 1460 contraria,
1553 1415 1768 1472 ingentes
1785 1423 1896 1468 per-

166 1489 310 1527 sonae,
330 1474 491 1538 magni
509 1475 713 1529 timores,
739 1474 894 1521 exitus
911 1473 1086 1527 funesti
1110 1472 1354 1521 habentur.
1422 1472 1484 1519 Et
1501 1469 1600 1518 illic
1620 1471 1896 1520 turbulenta

163 1540 335 1601 prima,
349 1539 606 1602 tranquilla
627 1540 820 1586 ultima:
861 1539 918 1586 In
943 1536 1178 1602 tragoedia
1200 1537 1437 1586 contrario
1458 1535 1622 1583 ordine
1649 1536 1722 1582 res
1745 1552 1898 1600 agun-

161 1614 258 1652 tur-
326 1605 450 1657 Tum
469 1602 596 1667 quod
632 1604 683 1650 in
704 1604 954 1668 tragoedia,
975 1603 1204 1667 fugienda
1223 1603 1353 1662 vita3
1388 1603 1437 1649 in
1465 1601 1895 1664 comoecliacapes-

169 1670 316 1718 senda
347 1668 653 1733 exprimitur.
730 1668 990 1728 Postremo,
1028 1666 1154 1732 quod
1198 1666 1648 1728 omnis-comoedia*
1671 1662 1730 1714 (fe
1773 1668 1897 1715 fictis

168 1743 242 1783 est
257 1735 575 1799 argumentis:
602 1733 858 1798 Tragoedia
874 1730 1000 1798 saepe
1015 1734 1076 1781 ab
1099 1731 1324 1780 historica
1342 1733 1659 1794 fide-petitur.>
1700 1733 1895 1780 ‘Latinae

170 1800 352 1848 fabulae
374 1798 530 1864 primo
562 1798 591 1845 ὰ
613 1801 751 1847 Livio
776 1800 1038 1847 Andronico
1061 1799 1250 1863 scriptae
1269 1806 1391 1854 sunt,
1414 1797 1525 1844 cum
1543 1799 1685 1844 etiam
1708 1807 1811 1844 tum
1836 1798 1896 1845 ad

163 1875 342 1913 cuncta
358 1865 645 1918 recentibus,
665 1865 1004 1928 idemetpoeta
1018 1877 1066 1911 et
1078 1873 1210 1911 actor
1226 1862 1702 1911 fabularumsua'rum—
1717 1863 1895 1911 fuisset.-

169 1930 433 1978 Comoediae
455 1940 611 1977 autem
635 1932 850 1978 motoriae
875 1939 997 1985 sunt,
1022 1939 1102 1977 aut
1134 1930 1354 1984 statariae,
1386 1937 1467 1977 aut
1496 1930 1664 1976 mistae.
1696 1945 1706 1967 f
1730 1929 1896 1976 Moto-

166 1995 598 2052 riae‚‘turbulentae.:
625 1998 846 2052 statariae,
869 1996 1147 2061 quietiores:
1175 1995 1343 2060 mistae,
1359 2011 1420 2042 ex
1439 2005 1634 2058 utroque
1652 1993 1761 2042 actu
1781 2011 1895 2041 con-

168 2063 399 2109 sistentes.
467 2061 717 2108 Comoedia
735 2079 820 2126 per
837 2064 1036 2126 quatuor
1057 2069 1213 2124 partes
1236 2060 1475 2115 dividitur,
1493 2058 1760 2125 prologum,
1786 2077 1895 2124 pro—

169 2128 310 2182 tasin‚
328 2127 544 2191 epitasin,
564 2129 911 2192 catastrophen.
946 2127 1180 2191 Prologus
1204 2137 1274 2174 est
1291 2126 1420 2174 velut
1438 2125 1657 2190 praefatio
1673 2125 1898 2190 quiedam

169 2192 363 2249 fabulae,
400 2193 448 2251 in
482 2208 574 2258 quo
602 2193 703 2239 solo
734 2194 1060 2256 licet,praeter
1083 2200 1431 2255 argumentum,
1450 2190 1631 2254 aliquid
1656 2191 1714 2238 ad
1741 2207 1895 2256 popu·

168 2258 286 2313 lum,
309 2258 383 2305 vel
408 2274 468 2305 ex
491 2263 660 2320 poetae,
690 2259 762 2305 vel
793 2276 854 2306 ex
874 2258 1017 2323 ipsius
1047 2257 1242 2312 fabulae,
1268 2258 1343 2307 vel
1356 2263 1428 2304 'ex
1453 2257 1626 2305 actoris
1644 2257 1898 2305 commodo

171 2323 315 2386 loqui.
383 2323 586 2371 Protasis
609 2324 786 2387 primus
803 2333 873 2372 est
906 2334 1051 2379 actus,
1079 2323 1360 2387 initiumque
1385 2322 1623 2371 dramatis
1692 2323 1899 2387 Epitasis

170 2388 516 2436 incrementum
540 2405 874 2454 processusque
909 2390 1183 2444 turbarum:
1221 2405 1276 2435 ac
1310 2388 1469 2444 totiuS,
1493 2399 1546 2447 ut
1578 2388 1643 2435 ita
1676 2388 1896 2443 dixerim,

170 2463 328 2501 motus
350 2455 529 2501 erroris.
567 2509 575 2515 1
597 2455 1183 2519 Catastropherconversio
1206 2469 1362 2502 rerum
1387 2462 1458 2507 est
1480 2454 1537 2501 ad
1553 2453 1790 2515 jucundos
1812 2470 1898 2501 ex-

171 2520 279 2574 itus,
302 2519 544 2584 patefacta
560 2522 743 2582 cunctis
764 2522 1035 2586 cognitione
1055 2527 1308 2585 gestorum.

269 2669 1793 2822 DONATIFRAGMENTUM.

488 2886 591 2976 DE
631 2832 997 2947 coMOEDIA
1032 2891 1129 2947 ET
1162 2893 1585 2954 TRAGOEDIA.
1782 2858 1786 2860 ¹

237 3003 490 3053 Comoe'nm
512 3017 583 3054 est
607 3006 784 3063 fabula,
805 3005 988 3055 diversa
1010 3007 1222 3057 instituta
1260 3007 1521 3064 continens,
1549 3005 1898 3071 affectuumque

173 3069 386 3118 civilium
424 3087 480 3133 ac
516 3073 820 3136 privatorum,
859 3074 1031 3137 quibus
1063 3071 1275 3128 discitur,
1310 3072 1422 3135 quid
1459 3073 1519 3119 sit
1550 3073 1600 3120 in
1632 3073 1732 3119 vita.
1764 3075 1895 3127 utile,

173 3136 286 3198 quid
326 3136 493 3183 contra
529 3139 815 3185 evitandum.
901 3139 1041 3186 Hanc
1082 3139 1240 3185 Graeci
1286 3139 1354 3185 sic
1395 3137 1634 3193 definiere,
1675 3136 1900 3204 κωμῳδίαι

174 3197 296 3248 ἐστὶν
321 3201 551 3250 ἰδιωτικῶν
575 3202 652 3251 καὶ
673 3210 917 3252 πολιτικῶν
949 3203 1244 3270 πραγμάτων
1276 3199 1504 3258 ἀκίνδυνος
1526 3204 1735 3270 περιοχή.
1803 3203 1898 3249 Co·

174 3266 402 3314 moediam
426 3284 528 3316 esse
558 3269 715 3316 Cicero
747 3270 812 3317 ait
831 3271 1128 3317 imitationem
1159 3272 1275 3324 υἱέα»,
1308 3270 1528 3331 speculum
1551 3267 1896 3322 consuetudinis,

173 3332 411 3394 imaginem
448 3337 665 3383 veritatis.
747 3334 1013 3382 Comoediae
1058 3342 1213 3382 autem
1253 3334 1284 3382 a
1322 3349 1454 3381 more
1494 3334 1686 3396 antiquo
1725 3332 1896 3392 dictae;

142 3415 146 3420 ·
174 3397 286 3459 quia
315 3396 363 3443 in
395 3399 512 3446 vicis
536 3400 800 3462 hujusmodi
824 3400 1034 3448 carmina
1065 3400 1201 3447 initio
1221 3399 1501 3463 agebantur,
1524 3397 1648 3460 apud
1667 3398 1862 3444 Graecos
1881 3414 1897 3445 :

174 3469 228 3508 ut
266 3462 315 3508 in
353 3461 491 3510 Italia
515 3465 847 3529 Compitalitiis
884 3465 1090 3521 ludicris,
1123 3464 1325 3512 admisso
1366 3463 1766 3526 pronunciationis
1793 3478 1900 3510 mo·

175 3524 303 3582 dulo,
329 3543 437 3590 quo,
471 3529 584 3578 dum
621 3539 753 3578 actus
785 3539 1152 3584 commutantur,
1187 3528 1391 3592 populus
1413 3527 1730 3575 detinebatur.
1799 3529 1901 3574 Aut

176 3588 272 3643 dir&
303 3595 391 3642 τῶν
415 3597 597 3661 κωμῶν,
620 3594 711 3644 hoc
732 3605 818 3652 est,
841 3597 900 3644 ab
920 3605 1028 3644 actu
1046 3596 1158 3644 vitae
1182 3594 1443 3647 hominum,
1462 3592 1609 3657 quiin
1628 3592 1743 3642 vicis
1758 3591 1898 3641 habi·

1288 3674 1316 3704 c

2086 147 2224 202 xxvii
