2340 3964
130 135 349 196 cxxxviii
588 211 590 218 s
775 141 1336 203 PROLEGOMENA
1368 101 1892 197 TERENTIANAJ‘

1223 287 1440 349 Epitasis.
1459 335 1461 337 ,
1506 331 1508 333 .
2096 326 2118 341 Ι
2190 322 2194 326 -

534 353 721 402 Instant
737 363 874 416 pater
890 362 939 400 et
956 369 1103 408 socer,
1124 352 1258 399 inscii
1279 353 1388 414 quid
1406 353 1668 410 accidisset,
1693 363 1745 401 ut
1761 354 1952 402 dnmum
1969 352 2160 400 redueat
2175 350 2187 401 Ξ
2311 391 2317 402 .

466 421 728 484 praesertim
755 419 866 465 cum
890 434 979 464 nec
1003 435 1177 471 socruS,
1213 432 1302 464 nec
1325 425 1487 472 mater,
1525 419 1570 465 id
1594 421 1716 483 quod
1740 437 1874 467 senes
1899 418 2017 466 falso
2040 419 2192 481 suspi-
2226 437 2322 489 ,βξ

465 488 559 532 cati
586 485 783 538 lucrant,
810 487 1069 530 obstarent.
1135 484 1416 545 Quanquam
1441 490 1596 531 autem
1621 486 1882 546 permoveri
1913 500 2008 531 non
2037 492 2195 548 posset

467 549 744 611 Pamphilus
765 560 813 595 ut
833 552 1098 605 reduceret,
1121 557 1280 596 tame-n
1300 563 1486 594 causam
1513 550 1888 598 constantissime
1911 549 2192 598 dissimulat.
2275 558 2313 594 ’ψ
2335 581 2340 590 .

465 618 566 666 Itur
599 613 673 669 eo,
711 628 764 661 ut
797 623 967 679 putent
999 613 1252 662 Bacchidis
1277 628 1436 668 amore
1458 612 1749 671 devinctum,
1781 615 1936 664 alieno
1958 616 2020 663 ab
2044 615 2245 663 uxore''

461 682 622 728 animo
643 697 759 728 esse.

1183 746 1485 810 Catastroplze.

529 811 735 860 Bacchis
759 811 1001 865 accersita,
1030 805 1312 859 fidem‘facit
1335 813 1452 859 nihil
1476 811 1563 859 sibi
1585 827 1693 858 cum
1718 809 1966 874 Pamphilo
1987 812 2059 860 rei⁴
2077 828 2194 859 esse.

467 876 564 926 Hic
577 889 730 935 autem
749 877 1038 940 prodendum
1056 887 1306 940 peccatum
1325 878 1484 924 uxoris
1496 876 1601 932 fuit,
1613 884 1695 923 aut
1706 874 1971 933 reducenda
1982 894 1999 937 ὓε
2024 879 2195 926 verum

467 959 580 992 casu
600 943 858 1008 periculum
878 942 1140 990 discutitur.
1175 943 1312 991 Forte
1333 944 1462 990 enim
1482 943 1772 991 Philumenae
1791 941 2015 993 annulum
2033 959 2196 991 socrus

467 1009 518 1057 in
535 1006 688 1075 digito
713 1008 966 1056 Bacchidis
988 1007 1423 1074 conspexitsquem
1448 1009 1562 1056 olim
1586 1006 1862 1071 Pamphilus
1894 1015 1971 1070 stu.
2005 1018 2118 1064 ratae
2146 1010 2197 1056 in

466 1075 675 1122 tenebris
699 1074 993 1122 Philumenae
1015 1073 1300 1123 detraxerat.
1367 1074 1414 1122 1⁸
1435 1074 1634 1133 annulus
1653 1083 1849 1120 testatur
1869 1089 1931 1120 ex
1987 1073 2197 1136 amphilo

468 1155 670 1204 puerum
689 1152 960 1205 susceptum
975 1156 1090 1188 esse.
1126 1141 1198 1188 Ita
1207 1139 1327 1189 redit
1339 1140 1386 1188 in
1402 1140 1602 1204 gratiam
1619 1155 1728 1187 cum
1745 1155 1891 1186 uxore
1910 1138 2198 1203 Pamphilus.

467 1205 498 1253 J
504 1205 688 1254 ucunda
705 1216 776 1253 est
795 1222 902 1253 cum
924 1207 1149 1253 uxoribus
1168 1223 1329 1254 senum
1349 1207 1654 1261 concertatio,
1680 1222 1783 1268 quae
1802 1214 1961 1252 monet
1978 1221 2106 1268 saepe
2126 1221 2202 1252 er-

470 1287 575 1318 rore
593 1280 641 1318 et
661 1270 786 1325 falsis
805 1272 1149 1336 suspicionibus
1165 1273 1267 1319 fieri
1288 1282 1340 1319 ut
1357 1272 1634 1319 dissentiant
1651 1273 1892 1335 conjuges.
1962 1270 2017 1317 In
2037 1270 2201 1334 primis

472 1346 632 1385 autem
656 1336 856 1403 insignis
880 1346 950 1386 est
973 1339 1239 1386 humanitas
1262 1347 1311 1385 et
1334 1337 1452 1386 fides
1477 1337 1713 1403 Pamphili
1738 1340 1783 1386 in
1809 1336 1901 1386 hac
1924 1334 2105 1384 fabula.

952 1473 1048 1520 IN
1091 1469 1712 1519 PHORMIONEM.

1130 1557 1132 1561 ·
1231 1539 1452 1584 Protasis,

538 1601 685 1651 CUM
722 1601 946 1667 Antipho,
980 1602 1176 1649 absente
1198 1612 1347 1666 patre,
1383 1602 1433 1648 in
1462 1601 1663 1665 puellam
1689 1600 1927 1664 quandam
1951 1600 2093 1648 unice
2114 1599 2199 1648 de·

471 1664 664 1733 periret,
697 1685 786 1716 nec
809 1678 966 1732 posset
988 1667 1046 1715 ea
1069 1668 1228 1731 potiri,
1249 1669 1336 1716 nisi
1362 1683 1557 1715 uxorem
1580 1667 1772 1714 duceret
1797 1670 1915 1729 (erat
1939 1667 2063 1715 enim
2087 1666 2204 1714 civis

472 1735 670 1794 Attica),
697 1733 817 1782 forte
838 1735 1019 1797 nuptiae
1043 1733 1276 1782 confectae
1295 1743 1401 1781 sunt
1424 1733 1608 1780 technis
1632 1733 1946 1797 sycophantae
1961 1731 2203 1793 cujusdam

474 1799 786 1848 PhormioniS.
853 1800 900 1847 Is
935 1801 1062 1847 enim
1093 1816 1155 1846 ex
1178 1800 1440 1864 composito
1463 1798 1590 1846 diem
1613 1798 1728 1845 dicit
1751 1797 2030 1861 Antiphoni,
2066 1797 2206 1864 fingit

473 1866 683 1930 puellam
706 1868 750 1914 ei
775 1874 1029 1928 cognatam
1054 1882 1168 1918 esse,
1195 1882 1347 1928 neque
1371 1881 1640 1928 quenquam
1665 1865 1806 1910 alium
1832 1865 2101 1926 propiorem
2128 1862 2208 1910 cui

473 1932 638 1978 nubat.
705 1930 865 1979 Facile
889 1940 959 1977 est
981 1931 1172 1979 vincere
1196 1947 1290 1978 nou
1312 1940 1670 1996 repugnantem.
1726 1929 1799 1976 Ita
1821 1929 2009 1993 legibus
2031 1927 2206 1976 ducere

474 1997 664 2062 cogitur
681 1997 912 2060 Antipho.

1235 2062 1453 2125 Epiro-sis,

544 2127 654 2175 Non
677 2128 907 2190 probatur
929 2143 1071 2174 avaro
1099 2127 1239 2192 patri,
1279 2129 1358 2174 ubi
1383 2127 1539 2182 rediit,
1563 2126 1771 2174 factum:
1812 2136 1862 2172 ut
1888 2126 1969 2189 qui
1998 2124 2208 2172 malebat

477 2194 578 2241 filio
601 2193 873 2257 opulentam
899 2194 1103 2257 aliquam
1129 2204 1178 2240 et
1194 2194 1404 2241 dotatam
1429 2194 1695 2240 obtrudere.
1750 2193 1908 2240 Quare
1931 2207 2038 2237 cum
2059 2191 2210 2238 Phor-

480 2261 638 2314 mione
663 2259 949 2322 expostulat,
974 2276 1059 2306 cur
1081 2261 1127 2306 in
1153 2259 1236 2306 bas
1259 2259 1446 2321 nuptias
1468 2276 1517 2305 se
1541 2261 1736 2306 absente
1758 2258 1906 2304 filium
1939 2257 2208 2317 conjecerit.

477 2325 694 2372 Tandem
733 2325 971 2372 )aciscitur
989 2326 1129 2372 etiam
1151 2326 1418 2372 mercedem
1438 2325 1590 2372 minas
1609 2325 1816 2388 triginta,
1841 2324 1878 2369 si
1899 2322 2131 2386 receperit
2150 2320 2208 2368 ad

478 2407 579 2438 sese
603 2343 826 2454 puellam.
895 2391 971 2438 Ibi
1005 2390 1119 2439 vero
1142 2388 1201 2438 ⁴et
1235 2392 1449 2453 Antipho
1485 2391 1529 2436 in
1566 2389 1987 2442 discrimerrvenit‚
2027 2405 2089 2436 ne
2124 2403 2209 2450 per

480 2473 588 2506 eam
611 2455 947 2513 conditionem,
971 2456 1072 2521 ipse
1091 2457 1229 2506 unice
1250 2459 1440 2504 charam
1466 2468 1511 2503 et
1522 2456 1780 2520 jucundam
1800 2454 2050 2518 conjugem
2072 2453 2213 2502 amit-

477 2531 615 2572 teret.

1203 2587 1503 2652 Catastrophe.

547 2654 736 2702 Interea
751 2653 946 2702 domum
963 2653 1085 2700 redit
1098 2664 1144 2701 et
1161 2667 1354 2718 patruus
1370 2655 1674 2717 AntiphoniS,
1691 2653 1769 2701 hic
1788 2650 1930 2699 fidem
1951 2649 2066 2699 facit
2081 2647 2215 2715 puel-

482 2719 577 2766 lam
602 2720 860 2782 Antiphoni
887 2729 1099 2782 nuptam,
1126 2737 1188 2766 ex
1212 2738 1260 2768 se
1286 2722 1331 2766 in
1359 2722 1535 2767 Lemno
1559 2731 1823 2783 susceptam
1850 2733 1968 2770 esse,
1997 2716 2080 2763 ubi
2101 2730 2211 2762 cum

484 2785 765 2832 muliercula
786 2785 990 2850 quadam
1016 2788 1339 2844 consueverit3
1378 2785 1643 2850 gaudetque
1667 2786 1731 2832 ita
1754 2800 1862 2832 casu
1887 2781 2128 2836 cecidisse,
2162 2795 2213 2826 so

483 2852 698 2906 absente,
737 2861 790 2897 ut
824 2852 861 2899 is
889 2852 1098 2906 duceret,
1136 2869 1274 2915 quem
1311 2851 1517 2899 maxime
1554 2852 1651 2913 ipse
1676 2864 1900 2915 generum
1920 2854 2131 2908 cuperet,
2164 2855 2215 2891 et

481 2915 624 2980 paulo
649 2917 757 2963 ante
788 2918 1016 2965 ambibat.
1089 2918 1160 2965 Ita
1192 2918 1246 2965 fit
1281 2928 1331 2964 ut
1364 2926 1411 2964 et
1439 2918 1652 2980 Antipho
1684 2917 1881 2963 retineat
1914 2927 2129 2968 uxorem,
2165 2922 2214 2958 et

484 2983 664 3046 nuptiae
689 2983 812 3046 patri
834 2983 1113 3048 probentur.
1413 3032 1416 3033 γ

745 3051 747 3053 ’
1010 3047 1217 3097 Secunda
1238 3049 1535 3110 catastrophes
1548 3063 1676 3110 pars.

550 3111 699 3160 Porro
711 3113 905 3177 triginta
917 3114 1058 3161 minae
1077 3132 1193 3178 quos
1211 3115 1343 3162 ludos
1363 3113 1633 3162 reddidere!
1675 3111 1774 3158 Has
1789 3116 2048 3157 extorserat
2062 3107 2215 3157 Phor-

484 3179 597 3233 mio,
615 3195 883 3243 quanquam
894 3180 1210 3227 dissimularet
1225 3181 1403 3227 dandas
1415 3180 1546 3225 alteri
1568 3177 1852 3225 adolescenti
1868 3174 2119 3230 Phaedriae,
2136 3173 2218 3238 qui

485 3244 821 3300 citharistriam
841 3256 1158 3293 mercaretur:
1183 3256 1230 3293 et
1246 3247 1345 3308 jam
1362 3246 1566 3307 perierat
1585 3243 1784 3307 pecunia
1803 3258 1813 3288 :
1844 3257 1988 3304 quam
2005 3239 2118 3287 cum
2141 3257 2218 3288 re-

484 3318 690 3374 poscunt
700 3325 851 3364 senes,
863 3312 1161 3374 sycophanta
1177 3311 1644 3374 proditChremetem
1660 3308 1781 3372 apud
1800 3322 2010 3360 uxorem,
2023 3305 2221 3354 etdocet

487 3374 736 3422 consuesse
750 3391 856 3422 cum
872 3375 1180 3439 aliaquz‘idam
1196 3376 1406 3440 peregre,
1419 3376 1650 3439 simulque
1666 3377 1905 3436 impetrat,
1921 3383 1974 3420 ut
1988 3370 2217 3419 Phaedriae

489 3440 533 3487 id
552 3450 802 3505 argentum
821 3441 1124 3489 condonetur.
1185 3444 1362 3506 Estque
1391 3441 1589 3488 ridicula
1613 3441 1864 3487 admodum
1893 3435 2220 3500 καταστροφῆς

486 3523 611 3571 pars,
633 3507 715 3555 ubi
740 3507 912 3555 mulier
931 3508 1153 3556 maritum
1176 3508 1412 3574 objurgat,
1438 3507 1605 3572 parum
1630 3521 1890 3555 memorem
1913 3504 2022 3555 fidei
2043 3518 2154 3551 suae.
