2314 3944
41 1787 44 1790 ⁴
121 1791 214 1847 Ch.
239 1793 422 1846 Solus?
461 1793 568 1846 Me.
593 1795 740 1845 soluS.

786 147 1019 204 ACTUS
1055 149 1118 203 V
1189 146 1425 203 SCENA
1462 146 1504 201 1.

101 297 220 374 Me.
243 297 383 350 Non.
435 254 533 350 Ch.
551 293 671 366 quid
692 297 828 346 non?
884 296 990 347 Me
1017 313 1136 358 non,
1160 291 1386 363 inquam.
1449 293 1538 345 Ch.

254 384 420 437 neque
436 369 544 436 ipse
562 368 777 434 gnatus?
818 367 924 418 Me
954 367 1023 418 nil
1045 383 1258 436 prorsum,
1279 366 1515 417 Chreme.

40 512 45 517 .
110 439 284 510 Magis
314 455 487 490 unum
533 439 690 489 etiam
737 439 936 504 instare,
972 448 1029 490 ut
1075 438 1225 489 hodie
1264 437 1540 488 confierent

108 582 206 636 Gk.
242 510 597 634 liltlliizgissiarra&
629 581 748 649 quid
783 582 935 649 Syrus
960 581 1135 631 meus?
1177 597 1241 631 ne
1268 579 1306 630 is
1333 579 1538 648 quidem

232 651 560 722 quidquam.
551 654 566 690 ³
607 653 712 704 Me.
741 653 886 704 nihil.

96 723 215 780 =Clz.
236 723 636 780 Quamobrem?
712 724 820 775 Me.
858 723 1026 775 nescio
1029 721 1324 806 equidem:
1363 721 1451 772 sed
1488 731 1540 773 te

256 796 426 858 miror,
450 795 534 878 qui
561 795 659 846 alia
675 804 778 846 tam
799 796 947 863 plane
971 793 1110 846 scias,

113 866 218 920 Sed
264 878 409 918 tuum
463 866 548 918 ille
600 884 798 936 quoque
843 866 992 935 Syrus
1044 865 1180 917 idem
1225 865 1351 917 mire
1396 863 1542 915 finxit

1472 941 1540 987 25

116 1010 192 1062 Ut
217 938 568 1093 nglgriiiliilum
590 1007 794 1078 quidem
808 1008 1033 1061 suboleat
1051 1007 1268 1060 amicam
1286 1024 1390 1058 esse
1409 1006 1542 1058 hanc

121 1151 220 1207 Ch.
246 1081 479 1209 gillitdlffis
494 1151 514 1201 ,Ρ
571 1149 680 1202 Me.
704 1149 853 1202 mitto
868 1147 977 1218 jam
1001 1148 1232 1215 osculari,
1257 1159 1408 1220 atque
1433 1167 1543 1202 am-

257 1223 477 1292 plexari:
521 1221 575 1272 id
597 1221 670 1272 nil
695 1231 832 1290 puto,

121 1291 213 1349 Ch.
251 1294 391 1351 Quid
415 1301 504 1358 est,
530 1291 665 1362 quod
689 1292 904 1361 amplius
920 1292 1217 1344 simuletur?
1280 1292 1389 1345 Me.
1416 1291 1541 1344 vah!

262 1365 351 1421 Ch.
387 1363 511 1435 quid
530 1365 638 1415 est?
683 1364 792 1415 Me.
817 1364 935 1415 audi
962 1365 1128 1416 modo.
1252 1358 1257 1376 ⁸

114 1437 213 1491 Est
233 1437 362 1493 mihi
386 1435 579 1488 ultimis
605 1437 844 1493 conclave
872 1435 927 1487 in
959 1436 1152 1487 aedibus
1187 1435 1441 1505 quoddam
1467 1453 1545 1487 re-

116 1579 243 1632 Huc
256 1518 498 1631 tggiz'lntro
530 1579 659 1630 latus
692 1580 877 1643 lectus,
917 1578 1226 1630 vestimentis
1249 1587 1425 1630 stratus
1452 1513 1544 1632 eii).

105 1652 208 1705 (29³.
237 1651 392 1715 Quid,
414 1655 677 1722 postquam
699 1650 797 1701 hoe
821 1661 894 1701 est
916 1651 1140 1702 factum?
1216 1651 1322 1703 Me.
1349 1650 1543 1704 dictum

258 1725 470 1786 facmm,
493 1721 596 1773 huc
619 1721 743 1773 abiit
768 1719 1016 1790 Clitipho.

819 1792 909 1844 Ch.
945 1793 1119 1847 timon.
1191 1793 1301 1845 Me.
1324 1792 1542 1845 Bacchis

110 1907 112 1909 .
258 1873 531 1916 consecuta
554 1874 628 1915 est
653 1864 807 1916 illico·

124 1931 218 1989 Ch.
238 1935 388 1988 Sola?
463 1936 570 1988 Me.
596 1937 716 1987 sola.
795 1933 889 1989 Ch.
915 1934 1059 2004 perii.
1130 1936 1236 1989 Me.
1267 1935 1357 1988 ubi
1377 1937 1544 1990 abiere

161 2049 164 2053 .
261 2006 465 2072 intro,o
433 2022 673 2059 oeruere
697 2007 897 2059 ostium.
915 1953 1032 2059 p.Ch
1055 2009 1203 2059 hem.
1193 2007 1202 2041 ¹

120 2075 291 2131 Clinia
311 2078 427 2131 haec
479 2078 551 2131 eri
568 2078 800 2131 videbat?
841 2077 946 2131 Me.
963 2077 1085 2148 quid
1103 2079 1189 2130 ni?
1217 2079 1318 2130 una
1337 2096 1543 2131 mecum

120 2218 214 2272 Ch.
242 2147 459 2274 Issiiiiueist
481 2221 648 2273 amica
671 2221 905 2286 BacchiS,
942 2221 1279 2273 Menedeme·
1267 2262 1279 2273 .
1317 2156 1544 2274 occidi34

117 2291 229 2344 Me.
260 2291 646 2416 ἓυαῖιίιέῢνθιιι.)
725 2293 815 2345 Ch.
840 2293 1018 2345 decem
1044 2292 1239 2345 dierum
1265 2292 1348 2345 vix
1372 2297 1446 2347 mi
1469 2303 1543 2345 est

116 2433 227 2487 Me.
261 2379 468 2557 3¹:2¹?
475 2435 606 2544 {stuc
641 2434 806 2502 times»,
842 2436 976 2506 quod
1011 2452 1217 2505 operam
1252 2435 1420 2488 amico
1456 2435 1543 2487 ille

122 2575 217 2631 Ch.
254 2514 527 2647 ltilitosugod
549 2577 746 2633 amicae.
784 2577 891 2630 Me.
916 2577 958 2629 si
983 2578 1081 2629 dat.
1125 2575 1215 2629 Ch.
1243 2596 1308 2629 an
1328 2564 1539 2630 dubium

97 2698 100 2701 .
262 2647 315 2699 id
336 2597 430 2701 tibqi
455 2649 558 2700 est?
1362 2649 1540 2718 [putas,

118 2719 495 2788 Quenquamne
529 2718 704 2771 animo
740 2729 845 2772 tam
871 2720 1133 2771 communi
1169 2738 1289 2782 esse,
1325 2731 1413 2772 aut
1437 2720 1540 2771 leni

117 2790 242 2857 Qui,
225 2790 543 2916 'ffVidente'
558 2791 775 2844 amicam
792 2792 1009 2886 patiatur
1024 2789 1194 2843 suam?
1233 2791 1342 2844 Me.
1361 2791 1442 2856 ha,
1456 2792 1542 2914 lxliii

112 2880 372 2990 deniR>
514 2935 664 2986 verba
686 2933 882 2986 facilius
905 2933 1087 2986 dentur
1108 2934 1254 2986 milii.

123 3003 217 3056 Ch.
250 3004 492 3058 Derides,
480 3006 499 3043 ³
539 3005 720 3057 merito
745 3005 872 3056 milii
897 3022 1034 3056 nunc
1059 3023 1155 3088 ego
1179 3022 1465 3059 succenseo,

117 3073 262 3131 Quot
284 3093 360 3126 res
382 3074 581 3140 dedere,
604 3077 688 3127 ubi
715 3094 910 3145 possem
929 3078 1302 3145 persentiscere,

117 3145 191 3197 Ni
213 3163 372 3208 essem
393 3147 552 3216 lapis?
591 3166 706 3217 quae
730 3147 864 3198 vidi!
904 3166 980 3198 vae
1007 3147 1187 3199 misero
1212 3147 1368 3199 milii!

116 3253 228 3292 times
250 3253 363 3299 istud,
379 3253 477 3304 quod
501 3254 654 3292 inservit
671 3253 804 3292 Cliniae
822 3267 878 3292 am
883 3254 964 3292 ico?

2068 156 2165 204 145

1592 288 1670 330 ‚Ma
1698 290 1807 330 Nihil
1843 289 1934 329 mihi
1966 292 2167 342 quidquam

1591 343 1725 383 horum
1767 346 1876 383 dixit.
1954 345 2024 383 Ch.
2063 343 2168 387 Quid

1594 411 1670 436 non
1688 399 1804 436 dixit?
1861 399 1938 436 Me.
1966 395 2090 444 Nihil,
2109 399 2168 435 in-

1592 464 1718 502 quam,
1738 450 1937 502 quidquam
1965 450 2087 487 simile
2115 451 2171 488 di·

1591 506 1661 542 xit.
1733 505 1803 543 Ch.
1844 503 1978 554 Neque
2012 505 2090 554 ipse
2124 503 2169 540 fi-

1591 556 1694 595 lius?
1750 557 1830 595 Me.
1864 554 1976 593 Nihil
2008 558 2172 607 prorsus,

1593 610 1655 647 sed
1689 612 1812 661 potitis
1843 609 1995 662 urgebat
2032 608 2174 646 solum-

1594 663 1718 707 modo,
1735 672 1779 701 ut
1797 662 1976 701 hodierno
1991 662 2050 699 die
2073 675 2172 711 nup-

1593 716 1656 751 tiae
1671 716 1952 753 celebrarentur.
2002 714 2070 753 Ch.
2090 714 2173 751 Mi-

1593 781 1632 804 ra
1650 768 1773 806 refers.
1801 768 1903 811 Quid
1917 766 2031 820 Syrus
2049 779 2174 805 servus

1595 822 1725 858 meus?
1758 821 1900 859 nihilne
1931 822 2039 858 etiam
2067 819 2176 871 quid-

1595 887 1703 923 quam
1740 876 1879 925 pctiit?
1935 876 2014 912 Me.
2051 872 2174 910 Nihil.

1600 930 1630 963 ί
1618 926 1669 964 h
1701 924 1778 964 Cur
1797 926 1889 964 nihil
1915 928 2020 984 petiit
2035 928 2049 964 ,Ρ
2094 926 2177 965 Me.

1597 977 1682 1016 Hoc
1723 992 1793 1030 ego
1830 976 1978 1030 quidem
2015 981 2172 1030 ignoro.

1596 1032 1660 1070 sed
1695 1041 1734 1070 te
1745 1009 1861 1070 Oillud
1898 1033 2036 1070 nescire
2069 1031 2173 1070 valde
2202 1047 2206 1058 ·
2231 1071 2239 1081 s

1597 1086 1723 1130 miror,
1771 1087 1835 1136 qui
1878 1093 1955 1123 tam
1997 1084 2092 1122 clare
2131 1094 2173 1123 et

1623 1139 1788 1189 erspicue
1817 1152 1889 1176 ·res
1937 1137 2021 1176 alias
2067 1138 2176 1177 scias.

1596 1151 1665 1228 iite
1697 1192 1811 1229 idem
1824 1189 1937 1244 Syrus
1965 1190 2175 1228 informavit

1596 1244 1707 1281 etiam
1734 1245 1867 1282 mirum
1887 1247 1923 1282 in
1951 1244 2101 1281 modum
2128 1243 2172 1280 fl-

1596 1296 1703 1340 lium,
1723 1297 1814 1335 adeo
1842 1305 1883 1336 ut
1909 1310 1956 1334 ne
1981 1305 2074 1335 tanti
2065 1297 2171 1335 llum

1597 1349 1747 1400 quidem
1795 1351 1932 1388 sentiat
1976 1351 2173 1400 quisquam

1597 1414 1758 1440 amorem
1773 1401 1907 1440 Cliniae
1918 1412 2004 1454 erga
2015 1401 2175 1440 Bacchi-

1597 1454 1694 1493 dem.
1752 1455 1822 1494 Ch.
1842 1454 1945 1498 Quid
1959 1456 2038 1494 ais?
2096 1454 2179 1493 Me.

1597 1506 1712 1545 Nunc
1720 1510 1853 1547 omitto
1860 1508 2107 1546 osculationes
2117 1512 2175 1546 at-

1623 1574 1670 1599 ue
1684 1561 1872 1612 amplexus
1891 1559 2117 1612 Clitiphonis
2134 1570 2174 1600 et

1597 1575 1815 1652 &accludiae
1846 1613 1926 1652 haee
1945 1613 2041 1651 nihil
2062 1627 2172 1665 repu-

1597 1675 1649 1705 to.
1707 1666 1778 1706 Ch.
1793 1666 1966 1710 Quidest
1983 1667 2081 1717 quod
2095 1679 2175 1704 am—

1595 1720 1694 1771 plius
1726 1720 1892 1758 simulari
1936 1723 2066 1771 possit,
2108 1719 2174 1758 ubi

1595 1780 1748 1811 ventum
1783 1782 1840 1811 est
1882 1773 1927 1811 ad
1958 1774 2097 1818 oscula,
2135 1780 2177 1811 et

1595 1825 1811 1877 amplexus?
1849 1827 1929 1864 Me.
1955 1824 2061 1864 Vah!
2103 1824 2178 1864 Ch.

1596 1877 1701 1922 Quid
1733 1879 1816 1916 est?
1873 1880 1952 1917 Me.
1991 1878 2174 1916 Ausculta

1598 1945 1699 1970 nunc
1727 1930 1832 1969 inihi.
1870 1930 1958 1973 ,Est
1989 1932 2174 1983 quoddam

1586 1984 1809 2023 ‘cubiculum
1837 1993 2020 2023 secretum
2047 1986 2086 2023 in
2113 1985 2174 2022 in-

1596 2038 1723 2076 teriori
1752 2046 1855 2089 parte
1889 2038 2020 2076 domus
2051 2049 2145 2076 meae
2158 2053 2172 2084 ς

1596 2090 1715 2128 lectus
1741 2102 1907 2142 portatus
1930 2099 2001 2129 est·¹
2012 2091 2174 2129 intro‘in

1597 2143 1696 2181 istud
1744 2143 1979 2190 cubiculum3
2026 2151 2173 2196 paratus

1597 2205 1669 2242 est,
1688 2205 1727 2234 et
1744 2204 1897 2236 ornatus
1912 2205 1971 2236 est
1988 2197 2176 2248 stragulis.

1599 2248 1669 2287 Ch.
1697 2247 1896 2300 Postquam
1928 2249 1999 2288 hoc
2030 2250 2175 2289 factum

1596 2311 1665 2348 est,
1684 2303 1779 2353 quid.
1793 2304 2059 2341 consecutum?
2091 2302 2174 2341 Me.

1595 2354 1713 2396 Dicto
1756 2357 1882 2403 citius,
1928 2353 2096 2407 Clitipho
2132 2356 2172 2394 in

1595 2407 1767 2446 conclave
1797 2421 1836 2446 se
1868 2409 2039 2459 conjecit.
2099 2409 2173 2456 Cli.

1596 2460 1729 2499 Solus?
1800 2462 1877 2500 stIe.
1906 2459 2028 2500 Solus.
2099 2458 2173 2502 Ch.

1591 2512 1736 2552 Timeo.
1790 2515 1868 2553 Me.
1896 2513 2055 2553 Bacchis
2070 2515 2172 2554 illico

1593 2567 1722 2605 eodem
1741 2567 1832 2605 abiit
1876 2577 1931 2605 ost
1948 2567 2066 2606 illum.
2099 2569 2171 2608 Ch.

1594 2618 1708 2658 Sola?
1749 2620 1828 2657 Me.
1903 2620 1950 2658 la.
1995 2620 2065 2661 Ch.
2083 2619 2172 2662 Per-

1593 2674 1692 2711 ditus
1708 2686 1802 2711 sum.
1855 2673 1935 2711 Me.
1966 2671 2176 2726 Postquam

1594 2725 1827 2771 introierunt,
1867 2726 2078 2765 clauserunt
2107 2728 2168 2778 ja-

1594 2791 1718 2816 nuam.
1774 2754 1844 2817 Cli.
1872 2777 1996 2818 Hem!
2042 2779 2169 2820 Clinia

1594 2830 1679 2868 haec
1694 2832 1932 2870 intuebatur?
1990 2833 2068 2871 Me.
2088 2833 2168 2874 Cur

1595 2896 1669 2922 non
1687 2884 1845 2924 intuitus
1862 2893 1958 2922 esset
1973 2887 1988 2924 ?
2010 2883 2169 2926 'mecum

1589 2937 1699 2975 simul
1731 2937 1806 2975 una
1837 2937 2062 2976 intuebatur
2094 2940 2168 2978 Ch.

1589 2989 1626 3029 O
1652 2988 1891 3036 Menedemo,
1921 2989 2079 3030 Bacchis
2110 3002 2169 3031 est

1588 3043 1780 3080 anncafilii
1795 3042 2039 3095 Clitiphonis
2058 3047 2167 3095 perii.

1589 3096 1668 3133 Me.
1687 3094 1964 3137 Quamobrem?
2003 3096 2168 3137 C²1.Vix

1590 3148 1709 3186 habco
1723 3161 1799 3187 rem
1815 3148 2029 3186 familiarem
2043 3151 2088 3187 ad
2103 3151 2167 3189 de·

1851 3202 1926 3239 We.
1957 3199 2084 3244 Quid?
2115 3217 2166 3242 an

1590 3214 1671 3238 cem
1698 3202 1787 3239 dics.

1024 3254 1094 3294 Ch.
1125 3252 1227 3297 Quin
1247 3255 1371 3306 potius
1389 3255 1520 3300 timeo,
1539 3254 1637 3303 quod
1654 3255 1782 3291 amicae
1801 3255 1958 3291 inseriit.
2017 3256 2093 3293 Mle
2122 3254 2166 3295 Si

118 3319 245 3343 verum
257 3306 444 3357 est,un
460 3306 585 3343 amicae
604 3307 761 3344 inservit.
819 3308 888 3346 Ch.
916 3307 977 3345 An
991 3308 1036 3346 de
1053 3306 1123 3347 hoc
1140 3307 1301 3345 dubitas.
1295 3308 1307 3332 Ρ
1338 3308 1546 3358 aliquemne
1565 3317 1670 3358 putas
1685 3319 1739 3343 ess
1742 3320 1762 3343 e
1776 3320 1820 3343 an
1826 3308 1900 3344 imo
1915 3307 1966 3345 ita
1982 3307 2165 3346 benevolo

117 3367 159 3396 et
182 3358 392 3404 commodo,
410 3369 452 3396 ut
469 3357 562 3395 ferat
579 3360 732 3396 amicam
751 3371 859 3397 soors·
863 3373 913 3397 im
930 3360 1088 3398 adduci·
1080 3374 1118 3398 in
1139 3369 1339 3410 conspectu
1357 3372 1447 3396 suo.
1440 3359 1454 3383 Ρ
1510 3360 1589 3396 ,Me
1618 3357 1694 3403 Ha,
1714 3357 1775 3403 ha,
1796 3358 1875 3396 liae:
1905 3373 1939 3409 qi
1944 3371 2016 3398 iare
2030 3373 2105 3399 non
2125 3361 2164 3400 id

116 3410 182 3449 fiat
196 3410 243 3448 ab
262 3409 320 3448 his
339 3419 380 3448 ut
397 3409 539 3448 facilius
557 3410 739 3461 decipiar.
731 3413 746 3437 Ρ
806 3412 876 3450 Ch.
905 3410 975 3450 Me
992 3413 1108 3450 ludis.
1101 3413 1115 3438 Ρ
1145 3412 1240 3451 dure
1256 3411 1349 3449 mihi
1370 3425 1468 3448 nunc
1495 3412 1640 3449 irascor.
1695 3409 1930 3472 Quotsigpa
1948 3411 2057 3463 hujus
2075 3414 2165 3452 mali

115 3461 212 3502 milii
226 3463 310 3501 data
321 3473 422 3508 eunt,
437 3475 482 3500 ex
496 3462 629 3514 quibus
647 3476 791 3514 possem
810 3465 1000 3516 percipere
1014 3478 1070 3513 ea,
1086 3478 1169 3517 quae
1183 3465 1350 3503 adversus
1368 3477 1428 3501 me
1446 3463 1541 3502 facta
1555 3472 1643 3503 sunt
1656 3462 1701 3500 ab
1720 3462 1808 3510 illis,
1823 3465 1893 3502 nisi
1911 3477 2029 3504 essem
2046 3467 2164 3518 stupi-

116 3514 195 3556 dior
211 3514 355 3569 lapide.
346 3515 361 3540 Ρ
391 3489 422 3555 ὁ,
431 3527 514 3566 quae
527 3515 675 3567 aspexi.
702 3529 756 3554 vae
773 3518 907 3557 misero
919 3515 1036 3556 mihi·

976 3638 1308 3700 ANNorArio.

169 3741 219 3774 28
245 3732 329 3781 Me.
359 3733 483 3787 Vah-s]
512 3731 597 3775 Heio
612 3733 867 3785 interiectione
882 3733 988 3777 Vah!
1014 3731 1263 3775 Menedemus
1281 3733 1463 3787 significat
1475 3735 1594 3778 mulio
1607 3734 1713 3788 plura
1727 3748 1806 3776 esse
1819 3736 1947 3790 ignota
1960 3735 2165 3776 Chremeti.

1650 3786 1686 3827 T
