2314 3944
831 164 1062 221 Ac'rus
1098 165 1143 223 1.
1213 125 1449 234 scENA
1486 161 1552 217 v.

162 312 345 384 Neque
377 306 654 363 testimonii
689 305 842 361 dictio
884 316 971 361 est.
1043 306 1145 360 De.
1204 306 1353 360 mitto
1386 305 1577 360 omnia.

301 382 430 435 addo

161 455 332 509 Istuc:
369 451 659 521 imprudens
682 450 853 503 timuit
870 449 1162 503 adolescens
1170 466 1188 513 3
1223 446 1368 501 sino:

161 526 246 579 Tu
268 541 464 576 servusx
501 524 675 574 verum
695 521 737 574 si
762 530 974 591 cognata
998 530 1072 572 est
1094 520 1366 597 maxume&

162 595 281 649 Non
299 594 394 649 fuit
418 611 616 646 necesse
638 594 852 658 habere3
889 592 993 656 sed,
1013 592 1068 645 id
1090 590 1222 660 quod
1248 591 1331 642 lex
1346 590 1508 659 jubet,

160 665 351 719 Dotem
376 664 555 718 daretis
573 686 589 731 3
628 669 872 734 quaereret
894 663 1050 714 alium
1074 663 1258 714 virum.

161 736 281 793 Qua
293 736 484 791 ratione
509 737 714 809 inopem
733 735 900 806 potius
924 734 1139 786 ducebat
1163 734 1371 785 domum
1392 733 1410 783 ?

163 806 260 860 Ge.
295 806 416 859 Non
469 808 611 873 ratio,
665 809 839 859 verum
893 814 1159 874 argentum
1220 804 1403 856 deerat.
1475 803 1594 858 De-

301 889 522 931 sumeret
803 928 809 933 .

159 948 427 1003 Alicunde.
503 949 596 1002 Ge.
633 946 904 1000 alicunde?
941 943 1072 998 nihil
1090 944 1324 998 est'dicto
1345 944 1556 998 facilius,

160 1021 265 1075 De.
303 1021 562 1077 Postremo
583 1019 624 1072 si
644 1021 784 1071 nullo
803 1018 902 1071 alio
921 1028 1086 1090 pact0,
1105 1019 1316 1070 foenore.
1511 1020 1576 1080 71

159 1091 256 1146 Ge.
296 1091 438 1146 Hui!
477 1091 603 1145 dixu
627 1089 853 1161 pulchre,
876 1089 918 1142 si
941 1088 1143 1159 quidem
1181 1087 1447 1158 quisquam
1473 1105 1581 1139 cre-

1510 523 1576 571 65

157 1233 237 1288 Te
252 1164 558 1287 vggret'De,
594 1249 724 1285 non:
760 1249 864 1284 non
883 1230 955 1283 sic
979 1232 1208 1283 futurum
1231 1241 1306 1282 est
1318 1249 1335 1296 3
1364 1247 1466 1372 ιίἒξι
1489 1217 1581 1342 p03

301 1314 415 1356 test.
1441 1320 1540 1353 iem
1563 1345 1572 1353 .

157 1372 339 1443 Egone
375 1375 515 1429 illam
553 1391 672 1427 cum
724 1374 813 1426 illo
863 1383 920 1426 ut
969 1373 1130 1445 patiar
1170 1382 1382 1442 nuptam
1420 1379 1582 1425 un'um

158 1445 407 1501 Nilsuave
421 1445 661 1502 meritum
678 1455 766 1501 est.
783 1445 1045 1499 hominem
1062 1443 1498 1497 commonstrarier
1514 1448 1580 1508 75

159 1515 300 1570 Mihi
316 1517 468 1570 istum
493 1519 624 1581 v010,
648 1527 753 1580 aut,
773 1517 861 1568 ubi
879 1517 1088 1581 habitet,
1112 1515 1508 1571 demonstrarier.

164 1589 259 1641 Ge.
296 1589 502 1671 Nempe
538 1588 934 1645 Phormionem?
987 1588 1094 1644 De.
1129 1588 1282 1640 istum
1317 1598 1585 1670 patronum

165 1731 258 1783 Ge.
294 1662 554 1786 Eldilss'aeliizso
573 1731 662 1803 ⁴hic
686 1730 858 1788 aderit.
931 1728 1032 1788 De.
1070 1727 1299 1799 Antipho
1333 1700 1423 1780 ubi
1447 1746 1584 1781 nunc

303 1803 411 1854 est?
451 1803 552 1855 Ph.
575 1802 708 1856 [οι-ἴε.

159 1871 265 1927 De.
317 1872 435 1949 Abi,
486 1873 735 1942 Phaedria,
786 1890 905 1925 eum
955 1871 1168 1942 require,
1203 1881 1354 1944 atque
1391 1870 1584 1924 adduce

159 1944 426 2069 Rectduxlria
459 1942 653 2070 Idildeeig
688 2014 828 2067 illue.
905 2014 997 2067 Ge.
1024 2003 1222 2084 vnempe
1244 2013 1309 2066 ad
1342 2013 1584 2084 Pamphi-

301 2089 423 2139 lam.
525 2104 565 2139 e.
583 2095 637 2138 at
658 2104 754 2155 ego
1514 2091 1584 2138 80

67 2202 69 2205 .
155 2154 299 2212 Deos
321 2157 546 2231 penateis
567 2157 690 2210 hinc
715 2159 983 2213 salutatum
1008 2157 1238 2210 domum-

157 2227 432 2283 Divortorz
467 2229 587 2280 inde
610 2227 695 2280 ibo
715 2228 781 2281 ad
801 2231 983 2293 forum,
1001 2239 1150 2299 atque
1169 2228 1361 2299 aliquot
1383 2227 1515 2282 mihi·

161 2299 372 2355 Amicos
394 2300 663 2364 advocab0,
685 2300 751 2352 ad
772 2300 905 2354 hanc
928 2317 1036 2352 rem
1060 2299 1148 2370 qui
1172 2299 1366 2352 adsient
1378 2318 1396 2366 3

162 2369 242 2423 Ut
261 2388 326 2423 ne
349 2370 620 2442 imparatus
638 2371 752 2437 sim,
777 2371 819 2424 si
842 2370 1073 2425 adveniat
1090 2370 1345 2425 PhormiO.

2104 166 2210 240 ,21⁵

1633 301 1886 358 test'ffnonium
1899 300 2107 354 perhibere.
2139 306 2208 347 De.

1631 354 1814 394 Praetereo
1857 363 2013 394 caetera:
2055 357 2207 410 insuper

1631 408 1879 460 imprudentia
1907 409 2025 447 aetatis
2058 409 2096 447 in
2134 424 2209 449 ser-

1632 474 1743 501 mone
1777 459 1886 499 haesit
1913 463 2049 499 timens
2085 461 2209 501 adole-

1631 513 1820 552 scentulus
1834 513 2019 567 Antipho,
2035 522 2136 553 esto:
2164 525 2209 554 tu

1631 580 1752 605 servus
1771 568 1875 605 testis
1893 567 2046 619 produci
2083 568 2208 618 inju-

1630 619 1769 657 dicium
1786 633 1860 658 non
1881 621 2052 672 potuisti:
2081 622 2210 662 verum

1630 673 1662 709 si
1677 672 1840 723 proxima
1866 681 1922 711 est
1944 683 2113 724 cognata,
2131 686 2210 713 non
2291 702 2295 704 Α

1632 733 1756 762 tamen
1775 738 1922 763 necesse
1954 725 2030 764 fuit
2056 734 2138 764 eam
2167 727 2212 765 in

1630 790 1781 815 uxorem
1823 779 2029 830 accipere}r
2062 778 2137 818 se&
2170 778 2213 819 id

1632 830 1733 880 quod
1757 829 1839 881 lege
1868 831 2112 870 constitutum
2130 826 2211 885 eq,

1633 883 1808 933 poteratis
1827 882 1953 920 dotem
1971 884 2005 921 ei
2023 884 2106 922 dare
2121 898 2141 923 ι.
2165 893 2214 935 qt

1634 934 1705 972 sibi
1718 935 1831 972 alium
1846 936 1962 974 virum
1980 936 2212 990 adjungeteg.

1634 985 1789 1040 Propter
1805 1000 1913 1038 quam
1945 989 2126 1029 rationem
2142 986 2216 1041 Po·

1634 1041 1708 1078 tius
1731 1053 1885 1093 egenam
1904 1041 2070 1080 omnium
2088 1054 2212 1094 rerum

1635 1093 1794 1131 ducebat
1810 1093 1990 1132 domum?
2025 1094 2094 1133 Ge.
2119 1092 2213 1142 Non

1634 1147 1729 1184 ratio
1749 1145 1958 1193 deficiebat,
1988 1147 2055 1185 sed
2081 1160 2216 1201 argen-

1634 1207 1730 1238 tum.
1784 1199 1855 1237 De.
1898 1195 2051 1238 Poterat
2076 1199 2122 1238 ab
2149 1201 2218 1240 ali-

1634 1265 1709 1303 quo
1727 1252 1859 1290 mutuo
1875 1265 2034 1291 sumere.
2067 1251 2137 1292 Ge.
2149 1252 2214 1294 Ab

1634 1305 1783 1356 aliquo?
1823 1303 1919 1342 nihil
1946 1313 2003 1342 est
2030 1304 2135 1344 dictu
2159 1305 2217 1398 εἴ

1636 1357 1754 1396 cilius.
1793 1358 1864 1396 De.
1881 1356 2063 1405 Tandem,
2081 1359 2114 1397 si
2132 1371 2157 1396 n
2185 1399 2189 1405 ⁸

1637 1410 1675 1449 lo
1704 1410 1778 1448 alio
1804 1410 1916 1449 modo
1945 1412 2053 1448 sumi'
2075 1412 2216 1465 potuit,

1637 1462 1768 1502 saltem
1779 1463 1849 1502 sub
1867 1462 2008 1501 foenore
2020 1465 2216 1515 acciperet,

1626 1517 1710 1558 Ge.
1742 1515 1849 1555 Hui!
1878 1516 1969 1554 scite
1994 1516 2140 1555 locutus
2159 1529 2215 1564 es,

1637 1571 1669 1608 si
1694 1569 1844 1620 quidem
1871 1568 1985 1616 ullus,
2006 1578 2043 1607 te
2059 1570 2156 1618 vivo,
2171 1569 2217 1608 fie-

1637 1623 1690 1661 lio
1718 1623 1914 1674 pecuniam
1941 1630 2111 1660 mutuam
2128 1623 2215 1668 dare

1636 1675 1758 1714 vellet.
1812 1675 1885 1715 De.
1904 1671 2020 1713 Non:
2057 1688 2133 1713 non
2161 1677 2216 1726 sie

1634 1741 1696 1777 ‚res
1727 1741 1768 1766 se
1794 1726 1966 1773 habebit;
2000 1726 2103 1767 istud
2136 1741 2217 1771 esse

1637 1795 1715 1821 non
1750 1789 1886 1832 potest.
1938 1779 2073 1832 Egone
2115 1776 2216 1824 illnrh

1637 1847 1724 1873 cum
1754 1833 1820 1871 illo
1847 1846 1964 1872 uuum
1992 1833 2091 1873 diem
2119 1847 2218 1886 nup-

1637 1896 1713 1926 tam
1749 1898 1895 1925 manere
1925 1886 2074 1926 sinam?
2113 1887 2218 1935 null*

1636 1951 1777 1979 merces
1789 1938 1882 1979 adeo
1891 1940 2011 1977 suavis
2025 1937 2123 1977 mihi
2137 1953 2218 1980 esse

1635 2001 1775 2045 potest,
1798 2001 1842 2031 ut
1862 1992 1900 2031 id
1915 1993 2043 2044 patiar.
2079 1988 2218 2042 Homir

1636 2059 1724 2086 nem
1740 2053 1962 2097 praesentem
1993 2045 2105 2085 istum
2132 2044 2218 2098 volo

1636 2097 1730 2138 mihi
1749 2098 1908 2145 ostendi,
1935 2096 2089 2149 quicum
2107 2099 2218 2148 nobit

1635 2165 1695 2191 res
1708 2160 1781 2198 est,
1797 2159 1861 2190 aut
1879 2151 2033 2190 indicari
2080 2150 2136 2189 'us
2149 2151 2217 2201 do,-

1634 2217 1752 2245 mum.
1782 2202 1854 2242 Ge.
1868 2200 2019 2256 Nempe
2045 2201 2078 2241 P
2105 2205 2219 2244 ormi.-

1636 2256 1772 2297 0nem?
1797 2257 1870 2295 De.
1883 2254 2006 2296 Istum
2018 2265 2218 2309 patronum

1635 2310 1812 2350 mulieris.
1874 2309 1946 2349 Ge.
1990 2307 2080 2349 Jam
2111 2309 2217 2358 ulum

1634 2375 1830 2404 accersam.
1858 2363 1930 2402 De.
1949 2359 2028 2401 Ubi
2043 2372 2215 2409 nuncest

1632 2414 1837 2469 Antipho?
1879 2416 1951 2455 Pk.
1976 2410 2095 2465 Foris.
2140 2415 2215 2455 Du.

161 2467 256 2517 Abi,
283 2467 468 2519 Phaedria,
492 2483 579 2514 eum
591 2484 735 2525 quaere,
753 2478 864 2523 atque
878 2469 953 2510 huc
969 2470 1119 2511 adduce.
1162 2472 1233 2510 Ph.
1245 2469 1431 2522 Equidem
1447 2469 1534 2509 illuc
1551 2471 1650 2512 recti
1666 2469 1888 2523 proficiscor.
1918 2467 1987 2507 Ge.
2005 2466 2156 2519 Nempe
2167 2468 2216 2513 ad

160 2518 406 2574 Pamphilam.
446 2523 518 2562 De.
547 2522 601 2563 At
617 2537 688 2577 ego
711 2525 757 2564 de
783 2525 842 2564 via
865 2525 1017 2563 domum
1033 2524 1222 2572 divertam,
1238 2533 1283 2563 ut
1299 2523 1403 2563 Deos

1425 2532 1576 2575 penates
1595 2524 1644 2564 ob
1669 2523 1833 2563 faustum
1850 2520 2010 2561 reditum
2026 2519 2212 2568 salutem?

164 2573 251 2613 inde
263 2574 310 2613 ad
318 2574 441 2616 forum
457 2588 517 2616 me
535 2576 736 2626 conferam,
754 2586 864 2629 atque
877 2578 1017 2630 aliquot
1030 2578 1166 2616 amicos
1181 2578 1373 2616 advocatos
1389 2575 1481 2616 nihi
1498 2578 1712 2632 adjungent,
1735 2576 1800 2631 qui
1812 2573 1907 2622 mihi
1918 2573 2056 2629 praeztb
2073 2568 2212 2622 nuth

161 2624 237 2670 Mc
252 2628 386 2678 emh
412 2642 462 2670 ne
480 2630 679 2684 impuram
690 2631 761 2677 nim
777 2630 824 2676 ad
839 2629 1117 2685 disputandum,
1134 2631 1166 2673 si
1183 2629 1361 2674 Phormio
1376 2630 1558 2672 adveniat.
1609 2666 1611 2673 ,,
