2314 3944
122 119 240 195 '243

130 283 212 322 Na.
229 279 302 320 Per
318 279 508 320 Pollucem
526 293 601 318 non
627 279 707 317 sine

129 335 244 374 causa
260 343 333 381 est,
351 335 451 385 quod
467 334 612 372 tantum
631 345 704 369 me-

127 389 222 426 tuis.
270 387 340 427 Ch.
383 386 514 438 Egone
545 393 672 422 metuo
688 384 704 421 ἓ

128 441 205 481 Ph.
251 438 367 478 Recte
403 439 490 476 sane
505 452 514 474 ι
559 437 707 487 quando

116 507 220 546 ,ergo
237 492 332 531 nihil
361 492 512 535 metuis,
535 488 707 540 nihilque

125 560 210 586 esse
229 547 333 591 dieis,
353 545 450 594 quod
465 556 534 594 ego
551 541 605 580 illi
623 555 709 580 mox

130 599 297 638 dicturus
314 611 411 642 sum,
424 605 466 634 tu
482 597 641 647 ipsemet
653 595 715 637 illi*

126 665 291 691 recense.
348 650 419 687 De.
456 647 637 695 sceleste,
664 662 709 686 ex

129 705 199 743 tua
208 703 395 741 voluntate
409 702 471 740 ille
490 710 677 739 recenseat
690 701 706 739 ?

126 759 202 798 Ph.
247 754 335 794 Eho
378 763 437 802 tu,
478 754 625 807 egregie
669 766 710 792 et

126 810 282 849 strenue
305 816 345 846 te
367 809 509 860 gessisti
528 809 568 845 in
582 806 710 845 defen-

126 862 252 902 dendo
264 861 390 907 fratre,
410 860 497 899 dum
512 874 572 900 ine
591 859 711 898 offen-

126 915 196 955 dis.
267 915 344 953 Na.
383 912 447 952 Mi
481 913 549 960 vir,
576 913 710 964 ecquid

99 974 101 979 ’
126 967 225 1009 mihi
242 967 387 1012 recitas,
415 966 513 1019 quod
537 965 599 1004 hic
625 966 705 1004 ait?

128 1021 204 1061 Ch.
243 1020 310 1059 At.
365 1021 440 1059 Na.
475 1018 596 1066 Quid,
637 1018 706 1057 at?

128 1074 206 1114 Ch.
233 1073 326 1112 Non
343 1086 437 1123 opus
466 1083 523 1111 est
551 1070 625 1110 hoc
649 1085 709 1111 re-

123 1126 235 1168 ferre.
263 1128 334 1166 Ph.
349 1125 437 1164 Tibi
455 1126 607 1176 quidem
630 1139 706 1164 non

126 1194 224 1233 opus
252 1189 324 1227 est,
349 1189 393 1218 ut
420 1178 596 1217 referatur
604 1194 616 1226 ς
644 1178 709 1217 sed

126 1247 225 1286 opus
238 1242 309 1280 est,
327 1241 370 1272 ut
389 1231 451 1270 illa
465 1233 606 1270 resciat.
659 1230 706 1270 In

124 1285 277 1326 Lemno
317 1287 404 1324 cnm
443 1294 552 1324 esset.
637 1284 708 1324 Ch.

124 1338 252 1378 Hem!
295 1339 383 1391 quid
421 1339 502 1376 ais?
546 1338 618 1376 De.
643 1337 708 1377 An

124 1405 205 1431 non
237 1393 364 1430 taces?
406 1392 477 1429 Ph.
504 1389 562 1429 Te
578 1390 707 1443 ignara

125 1454 170 1484 et
205 1445 334 1484 inscia.
379 1444 450 1484 Ch.
477 1439 556 1482 Hel
585 1443 705 1482 mihi!

124 1499 201 1538 Ph.
227 1497 398 1537 Uxorem
411 1497 526 1536 duxit.
556 1497 631 1535 Na.
645 1495 708 1535 Mi

123 1549 259 1598 homo,
272 1563 380 1603 spero
394 1552 535 1589 nonita
552 1563 647 1596 esse,
664 1558 707 1588 ut

124 1605 205 1644 ait:
233 1604 286 1642 dii
315 1604 446 1642 melius
470 1617 550 1642 esse
576 1603 707 1642 velint.

124 1658 200 1697 Ph.
231 1655 296 1696 Sic
327 1655 467 1695 factum
508 1665 576 1695 est.
630 1657 708 1695 Na.

122 1707 228 1749 Perii
260 1711 418 1749 misera!
465 1710 535 1748 Ph.
575 1707 628 1748 Et
663 1723 710 1749 ex

124 1763 173 1802 οὲ
190 1764 321 1816 genuit
332 1764 411 1813 jam
435 1777 549 1802 unam
575 1763 706 1811 filiam,

125 1816 218 1856 dum
259 1825 304 1854 tu
334 1830 462 1855 secura
491 1829 530 1855 es
562 1825 600 1854 et
630 1815 707 1854 sola

123 1870 277 1909 dormis.
326 1869 398 1908 Ch.
428 1867 518 1906 Heu
544 1869 632 1920 quid
668 1884 708 1907 a-

122 1923 243 1975 gam?
273 1922 350 1961 Na.
367 1919 467 1960 Proh
485 1922 536 1960 dii
556 1923 706 1960 immor-

122 1975 234 2022 tales,
255 1974 397 2014 facinus
415 1975 641 2027 flagitiosum
667 1983 706 2013 et

177 2029 397 2066 rniciosum!
456 2029 528 2068 Ph.
562 2026 704 2067 Tamen

152 2093 199 2120 oc
234 2080 375 2119 factum
405 2089 474 2119 est.
526 2081 604 2120 Na.
642 2080 707 2119 An

121 2134 327 2193 quidquam
345 2133 418 2172 hoc
441 2143 607 2186 tempore
633 2133 708 2172 fac-

121 2194 208 2226 tum
223 2195 281 2225 est
293 2187 452 2238 turpius,
466 2188 585 2239 magis
600 2190 707 2240 igno-

122 2240 342 2285 miniosum,
365 2253 406 2278 ac
425 2240 642 2292 probrosum
660 2239 707 2279 ab

122 2291 283 2334 homine
304 2292 408 2331 ullo?
441 2291 590 2344 Nempe
620 2294 706 2332 cum

122 2345 174 2386 ad
206 2358 345 2392 ,uxores
389 2346 578 2393 accedunt,
625 2355 706 2385 tum

122 2396 222 2438 mihi
244 2399 342 2438 fiunt
359 2398 498 2437 debiles
515 2408 554 2438 et
571 2400 705 2438 infirmi

121 2465 245 2492 senes.
297 2450 506 2504 Demipho,
543 2461 582 2490 te
617 2452 708 2491 allo-

121 2518 241 2557 quor;
284 2518 371 2543 nam
416 2519 477 2543 me
514 2518 601 2543 cum
635 2507 707 2544 isto

122 2570 335 2597 sermonem
359 2557 525 2596 conferre
543 2558 705 2597 nimibm

122 2610 256 2658 toedet,
291 2619 331 2649 et
365 2609 599 2650 fastidiosum
637 2621 706 2650 est.

121 2661 251 2703 Haene
269 2673 374 2702 erant
392 2664 476 2703 ideo
495 2663 706 2715 frequentes

154 2717 388 2763 rofectiones,
434 2725 473 2755 et
523 2717 706 2756 diuturnae

187 2770 264 2808 mni
273 2768 596 2808 commoratione&
608 2769 707 2808 haec-

123 2835 177 2861 ne
222 2831 302 2860 erat
352 2822 472 2860 vilitas
532 2836 705 2870 annonae,

123 2887 239 2927 quam
293 2871 486 2913 dictitabat
538 2875 705 2915 minuere

122 2927 245 2981 pretia
260 2925 450 2966 fructuum
471 2930 702 2967 nostrorum?

121 2981 201 3021 De.
236 2978 335 3042 Ego,
357 2978 602 3028 Nausistrata,
630 2995 706 3020 non

123 3033 273 3083 inficior
300 3033 447 3085 culpam
465 3034 502 3070 in
523 3034 591 3072 hac
617 3047 657 3073 re
683 3035 707 3072 a

123 3084 330 3126 Chremete
354 3086 487 3124 merito
527 3087 607 3137 ejus
643 3086 706 3124 ad-

122 3139 277 3178 missam
322 3152 418 3180 esse:
471 3139 535 3176 sed
578 3138 704 3186 talem,

744 138 802 192 P.
835 136 1184 193 TERENTII
1219 122 1581 199 PH'oRMm.

758 278 982 401 Timotre.
1060 281 1164 334 Na.
1198 300 1303 334 non
1337 285 1423 353 pol
1458 269 1649 338 temere
1684 297 1773 354 est,
1811 290 1945 362 qubd
1980 272 2186 344 tu'aearn

766 420 861 475 Ch.
894 370 1068 544 {ignee}
1095 424 1287 477 timeo?
1328 423 1435 477 Ph.
1474 429 1609 479 recte
1641 432 1787 482 sane:
1820 418 2022 502 'quando
2056 418 2197 484 nihii

761 564 834 617 Et
868 513 1140 690 hdtrtllleriiliil
1179 577 1269 633 est,
1313 568 1448 639 quod
1483 569 1598 622 dico
1621 587 1732 640 eg0,
1755 581 1810 624 tu
1848 591 2009 635 narra.
2077 508 2186 628 13⁶?

902 655 989 689 sce
1008 656 1063 688 us
1085 680 1096 689 .

761 707 882 760 Tibi
904 710 1118 832 gialrget?
1158 709 1267 764 Ph.
1306 711 1404 763 eho
1434 719 1507 776 ω,
1548 713 1740 765 factum
1775 722 1848 764 est
1883 716 1969 767 abs
2013 725 2065 768 te
2106 735 2187 769 se-

939 799 969 831 u

760 850 859 902 Pro
882 851 1047 906 fratre.
1075 854 1191 906 ’Να.
1226 854 1298 906 mi
1323 855 1415 921 vir,
1439 874 1543 908 non
1566 855 1696 908 mihi
1731 846 1935 910 narras?
1986 856 2076 912 Ch.
2100 867 2184 914 at.

800 972 803 975 ,
906 923 1009 975 Na'.
1045 925 1184 994 quid,
1208 927 1294 977 at?
2000 982 2003 983 γ

766 990 857 1046 Ch.
915 994 1036 1046 Non
1077 1015 1202 1065 opus
1239 1007 1314 1048 est
1355 997 1506 1052 dicte.
1561 998 1667 1052 Ph.
1712 998 1807 1051 tibi
1841 998 2085 1070 quidem:
2134 1009 2187 1055 at

901 1066 1027 1131 scito
1052 1068 1173 1119 huic
1192 1087 1317 1137 opus
1341 1079 1430 1122 est.
1528 1096 1534 1103 ·
2182 1131 2186 1134 .

758 1135 822 1189 In
848 1137 1065 1191 Lemno.
1108 1138 1199 1192 Ch.
1239 1139 1392 1193 hem!
1431 1140 1554 1210 quid
1592 1141 1697 1192 ais?
1739 1140 1841 1194 De.
1875 1157 1980 1197 non
2012 1143 2184 1198 taces-³

901 1209 1006 1260 Ph.
1034 1212 1167 1263 clam
1194 1221 1259 1263 te.
1305 1210 1397 1265 Ch.
1422 1212 1508 1264 hei
1534 1211 1660 1263 mihi
1682 1211 1692 1263 !
2119 1221 2183 1268 15

761 1278 867 1332 Ph.
905 1280 1150 1404 dUitotrem
1198 1281 1357 1336 duxit.
1434 1284 1538 1338 Na.
1588 1282 1664 1336 mi
1701 1283 1871 1347 homo,
1909 1285 1962 1337 di
2003 1286 2187 1358 melius

761 1423 862 1476 Ph.
919 1371 1028 1476 Suilcn
1049 1391 1243 1478 iactum
1279 1432 1367 1480 est.
1415 1423 1520 1478 Na.
1557 1415 1942 1495 perii'mise'ra'?
1974 1426 2100 1481 Ph.
2134 1437 2188 1481 et

903 1493 1023 1547 inde
1047 1495 1206 1548 filiam
1353 1543 1360 1551 .

761 1566 995 1650 Suscepit
1027 1565 1138 1678 jan}
1178 1584 1353 1632 unam,
1390 1566 1512 1620 dum
1562 1577 1616 1620 tu
1657 1567 1858 1622 dormis.
1935 1567 2032 1624 Ch.
2067 1561 2191 1640 quid

902 1655 931 1689 a
969 1657 983 1689 1
1118 1682 1129 1691 .

762 1709 866 1762 Na.
931 1657 1141 1814 gpirgusl'i
1188 1697 1515 1775 immortales,
1565 1709 1760 1763 facinus
1809 1703 2112 1780 indignum,¹
2137 1721 2190 1766 et

762 1851 865 1905 Ph.
902 1784 1223 1905 iniblduzilcium
1249 1862 1338 1905 est.
1392 1852 1495 1904 Na.
1539 1869 1604 1903 an
1638 1853 1914 1922 quidquam
1938 1853 2088 1906 hodie
2112 1863 2190 1906 est

900 1925 1095 1976 factum
1119 1923 1412 1992 indignius?
2115 1930 2193 1978 20

759 1994 867 2051 Qui
909 1994 1055 2061 mihi,
1078 1996 1168 2048 ubi
1204 1995 1269 2048 ad
1304 2011 1484 2046 uxores
1526 2002 1734 2047 ventum
1779 2001 1888 2060 est,¹
1908 1996 2020 2047 tum
2055 1995 2195 2048 fiunt‘

756 2084 1122 2206 Demiglrigj·te
1163 2139 1398 2208 appe1103
1460 2155 1580 2189 nam
1631 2153 1716 2190 me
1764 2154 1885 2189 cum
1930 2136 2031 2189 hoc
2078 2137 2188 2208 ipso

814 2230 820 2244 ⁴
903 2208 1131 2262 distaedet
1153 2208 1310 2277 loqui.
2175 2256 2191 2270 .

761 2279 984 2362 Haecine
1027 2291 1168 2333 erant
1210 2281 1391 2334 itiones
1438 2282 1642 2345 crebrae,
1679 2288 1730 2332 et
1765 2277 2049 2332 mansiones
2073 2279 2186 2333 diu-

757 2362 1246 2477 Lemriiliaehaeccine
1270 2433 1392 2490 erat,
1417 2442 1532 2495 quae
1556 2431 1746 2476 nostros
1770 2424 1960 2475 fructus
1984 2407 2186 2475 minue-

900 2495 1003 2560 bat,
1027 2495 1222 2548 vilitas?

759 2563 862 2618 De.
898 2565 1031 2635 Eg0,
1068 2567 1396 2633 Nausistrata,
1415 2585 1520 2619 esse
1545 2567 1598 2619 in
1633 2566 1728 2619 hac
1761 2584 1814 2618 re
1835 2567 2038 2635 culpam
2075 2573 2186 2616 me-‘

899 2638 1054 2691 ritum
1080 2656 1184 2690 non
1210 2639 1371 2708 neg03
2110 2640 2181 2688 25

758 2708 861 2762 Sed
901 2726 1032 2774 eam,
1073 2728 1188 2779 quae
1234 2712 1298 2763 sit
1334 2709 1655 2780 ignoscenda.
1728 2711 1830 2763 Ph.
1868 2710 2020 2762 verba
2041 2706 2191 2773 fiunt

758 2850 861 2906 De.
900 2789 1241 2974 §Kiriath-eque
1283 2852 1733 2923 negligentia-tua,
1772 2867 1936 2920 neque
1973 2848 2091 2900 odio
2130 2847 2194 2908 id,

760 2934 1185 3116 Vinolleriiigligie
1209 2995 1395 3048 abhinc
1417 3013 1574 3048 annos
1593 2993 1884 3066 quindecim
1908 2991 2189 3045 muliercu-

920 3083 1004 3117 am

122 3204 210 3243 quae
221 3193 268 3229 sit
281 3191 521 3230 condonanda
538 3205 584 3229 ex
596 3193 765 3230 omnium
779 3192 976 3233 sententia.
1004 3196 1074 3234 Ph.
1093 3195 1190 3235 Haec
1206 3196 1314 3236 verba
1329 3196 1366 3235 in
1381 3182 1533 3249 gratiam
1548 3192 1772 3240 Chremetis,
1786 3191 1830 3230 ad
1847 3192 2060 3245 placandam
2078 3191 2187 3232 Nau-

124 3244 312 3283 sisti-atam
329 3243 465 3293 facere,
485 3252 542 3283 est
559 3253 706 3283 mortuo
724 3246 832 3285 verba
848 3247 981 3285 facere.
1010 3249 1081 3286 De.
1101 3248 1201 3287 Nam
1219 3263 1338 3300 neque
1355 3251 1392 3287 id
1408 3248 1511 3294 fecit,
1529 3247 1628 3298 quod
1646 3256 1683 3285 te
1703 3246 1924 3299 negligeret,
1939 3259 2061 3299 neque
2086 3245 2187 3300 quod

124 3303 168 3337 te
180 3297 267 3338 odio
283 3295 455 3338 haberet:
482 3298 547 3338 sed
560 3299 645 3338 vino
657 3307 785 3352 captus
803 3299 879 3338 fere
896 3309 984 3339 sunt
999 3303 1089 3340 anni
1108 3302 1330 3354 quindecim,
1346 3302 1432 3341 chm
1451 3300 1707 3340 mulierculam

336 3666 385 3702 u
411 3661 571 3718 &elus-1
625 3661 672 3707 ld
687 3673 758 3716 est,
774 3665 966 3723 scelestus.

932 3521 1372 3567 ANNOTATIONES.

1434 3673 1484 3709 16
1511 3667 1671 3723 Duint.],
1721 3666 1766 3709 Id
1783 3675 1855 3720 ost,
1871 3668 1974 3709 dent.
