2340 3964
117 164 223 221 lxvi

1047 154 1601 246 PROLEeoMENA

461 316 679 358 notatum
700 307 836 356 video
859 305 889 352 a
905 304 1164 364 Prisciano)
1189 299 1287 353 non
1308 307 1399 362 nisi
1422 309 1502 374 qui
1530 309 1579 356 in
1599 305 1708 356 eum'
1723 308 1802 370 jus
1814 307 2000 357 'habeat
2022 315 2070 356 et
2091 309 2184 372 inst

454 375 673 440 jurium:
710 371 835 419 unde
862 370 912 416 in
935 370 1255 432 suspicionem
1275 373 1408 418 venit
1435 373 1570 428 Geta,
1599 375 1764 422 herum
1791 391 1908 430 esse,
1933 375 1962 423 ὁ.
1982 391 2076 438 quo
2098 379 2184 421 wis·

396 447 404 457 ⁴
457 449 664 495 caretur,
692 452 786 485 non
810 434 1069 490 vernulam,
1088 431 1484 499 ‘quemadmodum
1503 438 1636 486 initio
1642 442 1869 552 (putabat,
1890 441 1966 488 cui
1984 441 2186 487 verbera

456 505 607 551 etiam
632 497 947 566 niinitaveratss
1012 500 1067 547 Id
1094 517 1236 548 unum
1260 501 1612 564 relinquebatur
1677 506 1855 560 ubium‚
1877 505 1990 570 quid
2025 506 2181 552 curia-

455 569 560 615 ·‘lem
583 566 832 614 vernulam
854 565 1050 614 dixisset
1070 572 1228 628 poeta,
1252 567 1362 613 cum
1387 567 1587 614 curiales
1608 569 1656 615 hi
1678 570 1911 626 dicantur,
1934 571 2012 635 qui
2038 570 2184 618 curiae

455 634 556 681 sint
576 632 799 693 ejusdem,
834 631 1108 696 curiamque
1140 633 1260 679 servi
1285 649 1380 679 non
1412 632 1656 690 haberent,
1678 646 1831 700 neque
1854 636 1979 700 apud
2003 635 2183 683 Roma·

459 702 563 754 nos,
589 713 755 767 neque*
773 697 902 760 apud
927 697 1139 746 Graecos.
1204 695 1276 744 Ea
1308 697 1368 744 de
1394 714 1445 744 re
1470 699 1578 744 duae
1602 700 1758 758 animo
1779 702 2005 750 subibant
2026 700 2185 763 opini-

459 779 576 811 ones
597 763 615 810 :'
637 773 720 811 autv
738 762 1011 827 legendum,
1045 764 1310 811 familiaris
1329 764 1512 812 vernula
1534 775 1611 819 est,
1635 780 1747 812 nam
1768 776 1816 812 et
1848 766 2063 828 subjecit,
2091 769 2180 824 fa-

451 829 768 885 miliariorem,
794 840 843 876 et
858 846 1024 881 ⁴versus
1040 839 1292 895 utrumque
1311 829 1488 893 patitur
1505 829 1798 889 trochaicus;
1824 837 1904 881 aut
1923 848 2080 881 servos
2099 849 2184 880 cu·

457 895 601 942 riales
618 895 715 953 dici
737 910 890 958 posse,
915 895 994 959 qui
1017 893 1222 944 dominis
1241 895 1449 942 serviunt
1470 895 1676 955 ejusdem
1700 896 1859 943 curiae.
1906 896 2186 960 ‘Populares

453 961 590 1008 ¹enim
613 961 833 1008 dicuntur
853 961 995 1008 etiam
1018 959 1158 1015 servi,
1181 961 1260 1022 qui
1283 959 1485 1008 dominis
1509 961 1672 1024 populi
1706 961 1914 1022 ejusdem
1943 965 2180 1012 serviunt:

457 1027 527 1074 ita
564 1027 692 1073 enim
715 1025 994 1073 sumendum
1030 1025 1145 1084 illud
1172 1034 1302 1089 puto,
1326 1027 1435 1074 Act.
1458 1026 1495 1074 Ι.
1529 1043 1656 1075 scen.
1679 1026 1716 1073 Ι.
1783 1026 1968 1074 Amicus
1996 1044 2186 1077 summus

458 1107 576 1139 meus
595 1103 638 1139 et
658 1093 896 1155 popularis
932 1091 1063 1138 Geta.
1127 1091 1376 1139 Palliatam
1398 1092 1525 1139 enim
1547 1107 1649 1139 esse
1682 1092 1891 1139 fabulam
1915 1094 2186 1144 meminisse

454 1157 705 1211 debemus,
729 1158 1064 1220 civitatemque
1087 1157 1424 1205 Atheniensem
1446 1157 1498 1204 in
1533 1155 1712 1223 δήμους,
1747 1158 1839 1206 hoc
1871 1168 1956 1214 est,
1984 1161 2185 1223 populos

458 1222 658 1282 divisam
679 1221 835 1278 fuisse,
854 1221 1252 1286 quemadmodum
1275 1222 1418 1270 hodie
1440 1231 1510 1275 est
1526 1225 1810 1271 Florentina.
1875 1224 1999 1271 Nam
2020 1231 2186 1288 putare

454 1287 566 1336 ideo
588 1288 617 1337 εὶ
641 1290 778 1336 Davo
807 1289 1085 1351 popularem
1117 1289 1290 1336 Getam
1315 1289 1622 1352 appellatum,
1646 1288 1771 1353 quod
1805 1299 1960 1337 essent
1982 1291 2187 1338 nationis

454 1355 683 1418 ejusdem,
710 1356 832 1417 quod
857 1354 1104 1418 interpreti
1128 1354 1267 1401 video
1291 1355 1536 1418 placuisse,
1556 1357 1772 1419 ignorare
1797 1364 1868 1403 est
1890 1357 2089 1419 populos
2108 1355 2184 1403 fu-

455 1419 547 1468 isse
571 1420 781 1468 diversos
813 1422 959 1467 Getas
992 1430 1039 1466 et
1073 1421 1247 1475 Davos,
1273 1429 1322 1467 et
1343 1421 1487 1468 servis
1510 1421 1702 1468 nomina
1733 1420 1834 1468 dari
1861 1422 2000 1469 solita
2032 1422 2092 1478 ab
2126 1438 2184 1470 eo

453 1486 635 1550 populo
658 1485 784 1534 unde
801 1496 924 1534 esset
947 1488 1157 1551 quisque.
1192 1487 1431 1533 Diversus
1455 1484 1612 1533 autem
1636 1486 1781 1533 fuisse
1795 1487 1995 1549 populos
2014 1487 2186 1536 Strabo

454 1551 580 1600 libro
603 1552 804 1616 septimo
836 1552 910 1599 his
941 1549 1098 1599 verbis
1122 1559 1345 1598 testatur:
1381 1551 1488 1598 Fuit
1511 1561 1557 1597 et
1580 1552 1675 1597 alia
1695 1553 1899 1616 regionis
1923 1551 2090 1600 divisio
2123 1570 2185 1601 ex

450 1619 661 1682 antiquis
683 1634 965 1682 permanens
989 1618 1299 1680 temporibus,
1320 1616 1435 1663 alios
1452 1617 1578 1668 enim
1601 1617 1773 1673 Dacos,
1792 1617 1914 1664 valios
1935 1619 2081 1664 Getas
2098 1635 2184 1682 ap-

450 1683 654 1747 pellant.
690 1684 836 1732 Getas
853 1683 1045 1753 quidem
1071 1684 1150 1748 qui
1170 1683 1228 1729 ad
1249 1683 1450 1730 Pontum
1475 1683 1522 1728 in
1541 1682 1771 1730 ’orientem
1792 1692 2010 1794 verssunt,
2031 1683 2188 1732 Dacos

453 1758 616 1797 autem
639 1749 786 1813 quiin
807 1750 1075 1813 oppositum
1098 1748 1256 1796 versus
1275 1750 1581 1795 Germaniam
1604 1757 1652 1794 et
1669 1748 1725 1794 ad
1747 1749 1853 1795 Istri
1899 1757 2048 1804 ontes,
2068 1765 2188 1812 quos

452 1815 572 1862 olim
595 1815 758 1864 Davos
783 1825 974 1863 vocatos
997 1832 1096 1862 esse
1119 1831 1237 1862 reor.
1305 1814 1382 1861 Ex
1415 1830 1507 1876 quo
1537 1814 1661 1878 apud
1684 1814 2000 1861 Athenienses
2022 1815 2186 1865 Davo-

453 1896 561 1938 rum
583 1888 632 1928 et
648 1880 877 1929 Getarum
900 1882 1094 1928 nomina
1114 1881 1301 1927 servilia
1318 1879 1574 1942 plurimum
1593 1879 1915 1927 abundabant.
1949 1880 2057 1928 Hoc
2074 1882 2187 1929 sane

453 1941 732 1995 credibilius
751 1956 838 2002 est,
865 1945 1004 2010 quam
1030 1945 1060 1994 a
1083 1946 1369 2010 Scytharum
1395 1955 1537 2009 gente
1566 1943 1782 1999 derivari,
1809 1960 1927 2008 quos
1950 1945 2078 1992 Daas
2098 1962 2186 1992 vo-

454 2020 598 2060 cant:
627 2012 778 2076 *longe
804 2013 931 2060 enim
957 2012 1024 2059 illi
1049 2011 1106 2059 ad
1135 2012 1435 2075 Hyrcaniam
1475 2011 1613 2075 positi
1648 2018 1767 2066 sunt,
1805 2027 1895 2058 nec
1918 2027 1981 2058 ex
2002 2027 2060 2058 eo
2080 2011 2188 2059 loco

454 2078 676 2133 Athenas
696 2078 938 2144 mancipia
954 2078 1203 2142 deportata
1227 2076 1489 2141 putandum
1512 2085 1597 2123 est.
1650 2076 1770 2123 Haec
1793 2076 1978 2124 Strabo.
2032 2075 2186 2140 Regio

389 2147 391 2150 ’
456 2159 574 2208 ergo
597 2142 762 2191 eadem
783 2154 885 2190 erat
906 2152 953 2190 et
969 2145 1228 2197 Davorum,
1248 2153 1296 2191 et
1313 2143 1557 2196 Getarum,
1574 2150 1622 2188 et
1637 2141 1801 2206 lingua
1821 2142 2002 2196 eadem,
2016 2158 2184 2206 quem-

457 2208 717 2257 admodum
742 2207 1027 2273 postpaulo
1056 2209 1220 2256 scribit
1243 2208 1371 2258 idem
1405 2207 1602 2267 Strab03
1640 2207 1838 2271 proinde
1861 2224 1976 2272 gens
1997 2207 2185 2264 eadem,

453 2275 542 2324 sed
565 2275 611 2322 in
634 2275 834 2338 populoS
857 2276 1011 2322 varios
1031 2274 1213 2323 divisa:
1250 2291 1400 2338 neque
1424 2274 1638 2338 protinus
1667 2273 1875 2334 ejusdem
1903 2274 2066 2336 populi
2090 2272 2188 2321 dici

456 2341 651 2396 debent,
671 2341 753 2403 qui
776 2340 984 2402 ejusdem
1011 2342 1164 2405 gentis
1186 2349 1307 2395 sunt,
1328 2349 1376 2386 et
1392 2340 1609 2388 nationis.
1642 2338 1704 2385 Et
1721 2338 1864 2385 scena
1881 2336 2097 2402 septimii.
2133 2341 2191 2387 In

456 2409 749 2470 angiportum
776 2408 907 2469 >hoe-J
977 2406 1242 2454 Priscianus
1277 2405 1393 2469 legit
1415 2405 1545 2459 hunc,
1567 2413 1620 2451 ut
1655 2405 1823 2465 probet
1847 2405 1988 2452 etiam
2015 2417 2190 2469 gener-e

456 2472 720 2531 masculino
744 2475 1031 2536 angiportum
1050 2472 1257 2534 reperiri.
1304 2471 1365 2517 Et
1389 2470 1532 2522 scena
1554 2467 1694 2517 nona.
1727 2470 1787 2518 D.
1820 2472 1879 2518 Ut
1895 2471 2187 2533 volesfaciee.

458 2536 522 2588 N.
544 2538 638 2586 imo
661 2540 716 2584 ut'
717 2539 824 2600 jam
846 2538 1000 2604 scias]
1046 2538 1109 2585 Et
1126 2538 1214 2585 z'mo'
1237 2547 1300 2592 ut,
1326 2547 1611 2604 anapaestus-

705 2743 947 2829 JULII
1013 2741 1391 2806 CAESARIS
1461 2739 1935 2804 SCALIGERI

498 2968 502 2972 ⁵
558 2884 807 2953 MBER
851 2886 956 2934 DE
998 2886 1346 2935 COMICIS
1397 2877 2086 2934 DIMENSIONIBUS.

946 3011 1028 3061 Ad
1061 3011 1250 3060 Silvium
1289 3009 1505 3058 Caesdrem
1527 3009 1691 3070 filium.

520 3137 713 3188 Quinus
748 3139 927 3192 artibus
964 3142 1210 3203 poetarum
1253 3138 1442 3203 ingenia
1476 3137 1823 3190 excolerentur,
1859 3135 1970 3183 cum
2003 3143 2125 3182 esset
2157 3136 2187 3184 ὁ

454 3204 595 3254 nobis
633 3204 818 3251 duobus
862 3205 995 3251 libris
1034 3205 1361 3268 explicatum;
1416 3220 1508 3268 non
1557 3201 1685 3266 prius
1729 3201 1996 3248 absolutum
2041 3201 2187 3249 fuisse

454 3287 574 3334 opus
607 3268 723 3317 illud
747 3268 1014 3324 videbatur,
1040 3269 1180 3334 quam
1207 3269 1370 3318 addita
1400 3269 1458 3316 de
1488 3268 1700 3315 versibus
1723 3267 1916 3314 comicis
1939 3281 2187 3317 commen-

454 3337 635 3384 tatione
653 3335 920 3383 institutum
945 3344 1223 3383 teneremus.
1293 3336 1420 3384 Nam
1453 3336 1562 3382 cum
1587 3333 1647 3379 de
1683 3333 1881 3395 origine,
1916 3332 2185 3396 generibus,

455 3401 670 3466 partibus
703 3400 988 3456 fabularum,
1014 3417 1123 3466 quae
1155 3401 1203 3447 in
1226 3417 1415 3448 scenam
1437 3400 1732 3453 afferrentur,
1767 3406 1815 3443 et
1839 3400 1900 3445 ab
1925 3397 2029 3444 aliis
2051 3396 2183 3454 olim,

458 3475 508 3513 et
540 3465 571 3513 a
603 3466 877 3530 nobisipsis
899 3482 982 3512 suo
1006 3466 1111 3513 loco
1146 3466 1218 3512 sit·
1239 3466 1557 3531 disputatum:
1599 3463 1645 3509 in
1682 3465 1841 3511 animo
1874 3463 2183 3518 habebamus,

457 3539 611 3585 totum
633 3532 727 3579 hoc
748 3531 992 3596 negotium
1017 3526 1176 3594 legare
1201 3532 1271 3585 iis,
1304 3531 1383 3594 qui
1418 3530 1477 3578 de
1511 3530 1683 3592 pedum
1720 3529 1998 3593 quantitate,
2031 3526 2185 3591 deque

457 3611 678 3647 versuum
702 3598 884 3646 ratione
904 3598 1300 3664 conscripserant.
1366 3595 1547 3646 Verum
1569 3593 1680 3643 cum
1703 3604 1761 3645 et.
1775 3595 2009 3643 maximus
2018 3591 2105 3641 wir·
2118 3590 2185 3642 E·-
