2314 3944
1129 123 1229 171 132

1356 224 1369 245 l

552 385 952 478 AC‘TUS
1026 388 1153 503 Πζ.
1253 389 1672 461 SCENA
1740 395 1846 486 1.-

415 586 802 662 SOSTRATA.
875 589 1247 643 CHREMES.
1319 590 1615 645 NUTRIX.
1689 590 1937 645 SYRUS.

211 761 275 800 So.
315 759 399 800 Nisi
433 764 577 801 animus
613 774 723 812 errat,

150 814 214 853 hic
232 815 330 852 certe
351 824 406 852 est
422 815 595 863 annulus,
613 831 724 868 quem

151 880 223 919 ego
235 869 367 918 opinor
379 882 481 919 esse?
509 870 539 906 is
554 879 624 916 est,
639 884 724 909 cum

151 934 229 971 quo
254 920 328 958 filia
346 935 429 959 mea
453 924 621 972 exposita
643 922 726 961 fuit.

154 974 225 1013 Clz.
253 973 289 1011 O
315 971 420 1025 Syre,
450 976 537 1024 quid
564 974 625 1013 hie
652 989 727 1014 ser-

153 1040 218 1064 mo
244 1028 368 1064 uxoris
391 1040 484 1065 meoe
513 1028 724 1080 significat?

151 1080 216 1118 So.
262 1079 366 1122 Quid
403 1081 485 1117 est?
533 1083 556 1119 ὀ
590 1083 728 1128 nutrix,

154 1134 236 1170 isne
288 1132 359 1170 tibi
402 1133 576 1172 videtur?
650 1136 730 1172 Nn.

153 1184 246 1224 Dixi
263 1199 349 1223 eum
369 1199 458 1232 esse,
487 1187 551 1224 ubi
568 1188 730 1236 primiim

154 1237 249 1276 mihi
264 1238 421 1276 eundem
436 1240 642 1277 ostendisti.
666 1241 729 1279 So.

153 1291 207 1330 At
237 1291 441 1342 diligenter,
462 1292 543 1329 vide
575 1301 617 1329 ut
643 1307 729 1331 eum

153 1345 244 1383 satis
277 1345 385 1382 modo
427 1345 563 1382 intuita
604 1344 730 1384 fueris.

153 1398 234 1436 Nu.
263 1396 362 1435 Satis
381 1410 466 1435 eum
482 1398 616 1436 intuita
632 1413 728 1436 sum.
779 1424 794 1432 -

153 1451 219 1489 So.
245 1449 332 1488 Jam
351 1450 412 1488 abi
441 1451 539 1488 intro
562 1451 728 1498 domum,

153 1513 194 1541 et
221 1501 313 1541 mihi
343 1502 451 1550 refer,
482 1504 514 1540 si
539 1503 602 1542 illa
619 1504 730 1542 Anti-

183 1555 261 1595 hila
282 1557 360 1606 ,jam
392 1556 530 1594 laverit.
582 1555 732 1595 Interea

154 1569 222 1649 {ic
237 1609 440 1661 expectabo
452 1610 640 1648 maritum.
661 1611 732 1662 Sy.

155 1661 334 1709 Chreme,
358 1674 456 1700 uxor
482 1670 548 1700 tua
573 1671 611 1700 te
629 1676 733 1714 quae-

155 1717 226 1754 rit:
256 1716 378 1753 videas
404 1715 494 1765 quid
516 1715 617 1754 velit.
669 1714 733 1768 Ig-

156 1782 249 1807 noro
281 1769 357 1819 qua
385 1769 431 1806 de
464 1769 572 1806 causa
602 1781 735 1807 moesta

156 1823 228 1860 sit:
243 1834 320 1859 non
330 1822 410 1859 sine
422 1823 530 1859 causa
541 1822 577 1859 id
589 1823 735 1859 contin-

157 1876 238 1927 git:
271 1884 402 1912 metuo
430 1875 519 1925 quid
547 1875 606 1912 sit.
663 1875 734 1913 Ch.

157 1926 266 1972 Quid
278 1927 326 1965 sit
338 1928 355 1966 ?
385 1925 460 1965 Ista
474 1926 626 1965 foemina
636 1941 735 1967 sum-

159 1993 311 2032 mopere
330 1994 369 2018 se
383 1980 554 2032 fatigabit
571 1981 611 2018 in
627 1982 734 2033 nugis

154 2033 396 2086 proferendis.
447 2033 512 2072 So.
530 2031 667 2080 Ehem,
681 2035 734 2073 mi

156 2089 227 2126 vir.
285 2087 355 2126 Ch.
374 2084 512 2133 Ehem,
531 2100 614 2124 mea
631 2100 735 2125 uxor.

156 2141 223 2179 So.
257 2138 398 2183 Quaero
431 2140 607 2191 teipsum.
664 2139 735 2178 Ch.

157 2190 335 2245 Dic'quid
349 2201 418 2239 est,
431 2193 529 2243 quod
543 2193 643 2231 velis.
671 2193 736 2233 So.

156 2245 347 2299 Imprimis
374 2244 446 2283 hoc
467 2245 489 2283 ὲ
513 2254 550 2283 te
571 2245 734 2297 postulo,

157 2313 209 2338 ne
222 2298 421 2338 meeredas
435 2312 559 2337 ausam
574 2313 653 2337 esse
669 2298 736 2337 ali-

156 2353 250 2404 quid
279 2351 400 2390 facere
432 2360 558 2389 contra
587 2352 734 2402 jussum

157 2415 281 2444 tuum.
338 2405 410 2443 Ch.
445 2403 561 2443 Visne
580 2418 640 2442 me
658 2418 736 2442 cre·-

156 2459 244 2498 dere
293 2458 393 2497 istud
443 2457 544 2495 tibi?
611 2458 735 2505 credo,

158 2513 326 2563 quamvis
345 2524 420 2549 non
436 2511 661 2549 credendum
675 2512 751 2557 sit„

157 2566 230 2616 Sy.
258 2563 399 2602 Nescio
418 2564 508 2614 quid
534 2564 654 2615 culpae
683 2564 738 2601 fe-

157 2628 214 2657 rat
231 2617 314 2656 haec
332 2618 532 2656 excusatio.
577 2617 640 2655 So.
663 2615 739 2654 Re-

158 2671 383 2714 cordarisneo
397 2671 484 2708 cum
511 2682 630 2707 essem
657 2683 740 2722 gra-

159 2724 258 2770 vida,
278 2733 318 2761 te
337 2721 431 2762 mihi
449 2723 605 2760 maxime
625 2725 741 2761 mina-

161 2786 246 2815 tum
271 2790 365 2821 esse,
392 2777 422 2813 si
450 2788 615 2827 parerem
634 2776 740 2827 puel-

159 2829 252 2876 lam,
289 2829 387 2867 nolle
428 2838 471 2866 ut
507 2829 736 2866 nutriretur?

164 2883 239 2921 Ch.
266 2881 354 2921 Scio
369 2882 459 2933 quid
472 2880 620 2919 feceris:
650 2883 740 2920 edu-

160 2935 255 2974 casti
282 2949 376 2973 eam.
430 2934 491 2973 Sos
519 2933 579 2972 Ita
600 2934 739 2972 factum

131 3013 135 3019 ‹
162 2998 222 3028 est
230 3005 240 3035 ς
261 2988 424 3026 educavi.
455 2987 524 3026 Ch.
542 2985 735 3026 Domine?

162 3042 234 3094 Sy.
248 3039 286 3079 O
297 3039 399 3087 hera,
412 3040 443 3077 si
458 3040 621 3078 edum-'isti
634 3041 739 3091 puel-

160 3094 252 3141 lam,
277 3093 390 3132 herus
409 3106 456 3131 ex
475 3091 547 3132 hoc
565 3093 740 3131 damnum

162 3148 344 3200 percepit.
388 3142 453 3184 So'.
472 3144 655 3183 Minime:
677 3147 740 3184 sed

162 3200 290 3238 vetula
316 3213 362 3237 ex
379 3197 562 3237 Corintho
590 3212 665 3237 non
684 3200 741 3237 in-

162 3251 324 3291 honesta
355 3265 422 3290 nec
459 3251 645 3303 impudica
677 3250 740 3290 hic

162 3304 357 3344 habitabat
365 3321 376 3352 ς
406 3306 538 3343 tradidi
567 3306 602 3343 ei
627 3303 740 3344 filiam

162 3371 283 3396 meam
329 3358 598 3410 exponendam,
670 3358 743 3397 Ch.

779 766 861 818 So,
898 766 1020 819 N1s1
1060 786 1142 819 me
1179 767 1377 819 animus
1403 769 1547 832 fallit,
1583 768 1669 820 hic
1693 769 1919 838 profecto
1941 778 2016 822 est
2037 787 2217 843 annu-⁵

920 840 1013 903 luS,
1038 857 1189 907 quem
1216 857 1310 907 ego
1334 840 1573 909 suspicor,

781 910 845 974 Is,
871 911 1078 978 quicum
1105 911 1328 979 exposita
1353 922 1425 962 est
1448 922 1616 980 gnata.

925 981 1063 1050 Syre,
1087 981 1200 1033 haec
1224 982 1407 1034 oratio?
2078 1045 2080 1050 λ

785 1053 865 1104 So.
890 1051 1031 1107 Quid
1048 1055 1153 1104 est?
1194 1053 1300 1104 isne
1316 1054 1410 1105 tibi
1428 1055 1658 1113 videtur?
1700 1055 1804 1108 Νιι.
1827 1053 1931 1106 dixi
1941 1054 2204 1124 equidem,

921 1124 1010 1175 ubi
1031 1124 1158 1176 mihi
1180 1125 1455 1189 ostendisti,
1481 1126 1620 1177 illico
1958 1126 1961 1129 “

782 1196 920 1248 Eum
939 1214 1058 1246 esse.
1098 1195 1180 1248 So.
1196 1206 1246 1247 at
1261 1207 1318 1247 ut
1336 1198 1443 1248 sati'
1463 1198 1803 1267 contemplata
1821 1197 1977 1250 modo
1994 1196 2075 1262 siS,
2090 1213 2205 1248 mea

925 1268 1108 1319 nutrix.
1185 1267 1300 1321 Nu„
1324 1269 1456 1320 satis·

787 1337 869 1390 So,
906 1339 1003 1390 Abi
1031 1357 1168 1390 nunc
1186 1316 1311 1407 jaff?
1325 1340 1486 1392 intro:
1524 1350 1690 1410 atque,
1715 1339 1801 1392 illa
1824 1337 1866 1390 si
1882 1338 1991 1410 jam
2014 1339 2208 1404 laverit,

924 1409 1053 1461 mihi
1072 1409 1276 1462 nuncia.
2173 1415 2207 1463 5

782 1481 890 1533 Hic
915 1499 1009 1550 ego
1031 1481 1194 1533 virum
1215 1481 1406 1535 interea
1429 1483 1709 1553 opperibor.
1782 1482 1871 1555 Sy.
1889 1493 1939 1534 te
1959 1484 2093 1536 volt:
2129 1482 2206 1534 vi·

926 1552 1057 1618 deaS,
1083 1552 1207 1622 quid
1230 1555 1366 1605 velit.

784 1623 972 1675 Nescio
1010 1625 1134 1694 quid
1164 1622 1314 1677 tristis
1354 1633 1458 1677 est:
1507 1643 1609 1677 non
1642 1626 1833 1678 temere
1871 1634 1976 1680 est:
2019 1634 2212 1690 metu0,

927 1696 1049 1764 quid
1073 1696 1151 1749 sit.
1231 1695 1327 1750 Ch.
1359 1697 1486 1766 'quid
1507 1697 1633 1749 siet?
1767 1760 1775 1764 ἢ

786 1766 887 1818 Nae
921 1766 1014 1889 igta
1048 1768 1217 1820 hercle
1255 1767 1573 1838 magnojam
1612 1778 1795 1822 conatu
1818 1785 2027 1839 magnas
2050 1783 2210 1836 nugas

964 1838 1128 1893 lxerit.

789 1908 872 1963 So.
893 1908 1064 1962 Ehem
1084 1911 1157 1964 mi
1173 1911 1262 1964 vir.
1293 1911 1388 1966 Ch.
1403 1911 1572 1964 Ehem
1589 1929 1703 1963 mea
1717 1930 1856 1964 uxor.
1896 1910 1979 1963 So,
1994 1909 2213 1981 teipsum

933 2001 1121 2050 quaero,
1200 1982 1288 2036 Ch.
1314 1986 1535 2053 loquere,
1561 1983 1681 2052 quid
1706 1984 1843 2036 velis·

790 2053 872 2106 So.
910 2052 1139 2106 Primum
1175 2065 1226 2105 te
1263 2055 1359 2107 hoe
1396 2073 1499 2119 or0,
1537 2073 1600 2106 ne
1642 2055 1763 2125 quid
1799 2053 1967 2106 credas
2003 2071 2087 2105 me
2123 2052 2213 2104 ad-

928 2127 1129 2178 vorsum·
1147 2126 1370 2179 edictum
1395 2135 1542 2178 tuum
1960 2166 1962 2168 v
2146 2130 2211 2175 10

786 2196 1184 2250 Facereausam.
1249 2197 1295 2249 C
1294 2199 1338 2251 h.
1362 2197 1462 2249 vin'
1488 2198 1580 2250 tibi
1605 2214 1689 2249 me
1713 2196 1858 2261 istuc,
1882 2196 1975 2249 etsi
1994 2195 2212 2248 incredi-

930 2268 1032 2320 bile
1056 2278 1146 2334 est,
1170 2270 1405 2321 credere?

789 2338 969 2393 Credo,
1045 2340 1133 2413 Sy.
1171 2341 1339 2394 nescio
1375 2340 1497 2412 quid
1529 2339 1725 2410 peccati
1747 2349 1920 2412 ⁴portat
1947 2338 2062 2391 haee
2093 2354 2216 2408 pur-

931 2410 1080 2463 vatio.

791 2482 874 2534 So.
901 2457 1231 2535 nieministin'
1247 2501 1331 2535 me
1351 2501 1455 2535 esse
1479 2483 1753 2553 gravidam,
1776 2491 1826 2534 et
1845 2481 1972 2534 mihi
1996 2490 2046 2533 te
2071 2498 2211 2533 max-

932 2572 1056 2606 umo
1079 2573 1229 2625 opere
1252 2555 1434 2619 dicere,

793 2625 850 2678 Si
885 2628 1108 2695 puellam
1146 2644 1389 2696 parerem,
1426 2628 1561 2679 nolle
1597 2625 1745 2678 tolli?
1825 2623 1922 2679 Clz.
1958 2623 2065 2676 scio
2095 2621 2219 2694 quid

933 2699 1108 2749 feceris
1129 2719 1141 2750 ε

794 2769 1064 2822 Sustulisti.
1126 2769 1208 2821 So.
1237 2769 1323 2822 Sic
1354 2778 1428 2821 est
1450 2771 1658 2822 factum.
1724 2767 1820 2823 Ch.
1845 2765 2063 2821 domiti'?
2127 2763 2221 2831 Sy.

934 2858 1054 2909 ergo
1072 2840 1221 2892 herus
1246 2841 1431 2893 damno
1453 2852 1629 2893 auctus
1655 2852 1744 2892 est.
2151 2840 2216 2887 15

795 2910 878 2964 So.
915 2912 1167 2966 Minime:
1222 2913 1309 2964 sed
1356 2923 1461 2965 erat
1504 2914 1590 2965 hic
1628 2909 1889 2963 Corinthia
1923 2925 2047 2960 anus
2081 2905 2220 2959 haud

824 2982 827 2983 ⁷
933 2983 1160 3053 impura3
1199 2984 1246 3035 ei
1272 2983 1387 3036 dedi

792 3052 1183 3123 Exponendam.
1227 3053 1318 3108 Ch.
1342 3058 1373 3107 ὂ
1394 3055 1610 3125 Jupiter,
1634 3062 1826 3106 tantam
1846 3068 1951 3103 esse
1976 3049 2030 3103 in
2049 3049 2225 3102 animo

937 3125 1218 3177 inscitiam!
1273 3124 1277 3128 ’

796 3196 880 3249 So,
919 3196 1084 3261 Perii3
1122 3197 1246 3266 quid
1278 3215 1374 3266 ego
1398 3198 1530 3249 feci?
1593 3194 1686 3249 Ch.
1719 3205 1770 3248 at
1794 3195 2008 3264 rogitas?
2068 3191 2156 3245 So.
2182 3189 2226 3245 si

857 3326 861 3329 ,
935 3268 1159 3337 peccavi,
1183 3268 1258 3320 mi
1276 3268 1512 3334 Chreme,

1696 910 1792 965 Ch.
1832 911 1954 981 quid
1971 913 2075 964 volt
2090 912 2203 976 sibi,

164 3408 266 3449 Proh
283 3409 458 3462 Jupiter!
487 3420 684 3462 oportetne
701 3426 780 3451 esse
799 3420 940 3451 tantam
958 3414 1202 3464 ignorantiam
1221 3413 1260 3451 in
1277 3423 1401 3453 mente
1421 3413 1558 3452 ullius?
1613 3412 1677 3451 So.
1705 3409 1853 3451 Perdita
1880 3425 1985 3459 sum;
2014 3410 2105 3463 quid
2122 3420 2224 3449 eom·

163 3464 277 3504 misi?
338 3463 408 3504 Ch.
437 3462 614 3508 Quaeris?
668 3464 732 3504 So.
759 3465 822 3504 Mi
838 3465 1039 3514 Chremes5
1068 3466 1099 3505 si
1116 3467 1245 3515 erravi,
1263 3480 1330 3519 per
1348 3467 1647 3521 imprudentiam,
1662 3478 1738 3504 non
1753 3466 1876 3506 dedita
1890 3466 2000 3519 opera
2016 3463 2055 3504 id
2071 3462 2157 3504 feci.

1025 3612 1357 3654 ANNOTATIO.

459 3713 507 3748 ¹⁵
527 3707 630 3762 ET80
649 3708 756 3751 herus
769 3710 904 3752 damno
922 3715 1052 3753 auctus
1067 3709 1151 3764 esa]
1207 3682 1363 3767 Propter
1381 3710 1521 3762 dotem,
1539 3723 1623 3765 quae
1637 3709 1756 3752 danda
1773 3717 1828 3749 est
1842 3692 1941 3748 mim}
1999 3681 2001 3684 Α
