2314 3944
110 94 239 168 256*
279 102 282 106 ’

109 257 284 304 Philotis,
310 254 482 294 multum.
497 250 590 291 mihi
617 251 687 290 sal-

112 327 157 351 va
182 313 246 351 sis.
300 309 372 347 ΡΙι.
399 307 504 346 Salve
526 316 568 343 tu
594 318 688 354 quo-

110 379 201 418 que,
228 361 420 402 Parmeno.
481 359 552 409 Sy.
580 355 687 394 Salve

113 418 194 472 pol,
219 417 272 455 mi
291 414 484 454 Parmeno.
539 411 606 448 Pa.
636 408 689 448 Et

113 483 159 511 tu
176 468 334 521 aedepol,
363 466 465 518 Syra.
517 461 595 502 Dic
618 463 689 503 mi-

112 524 170 571 hi,
196 521 352 565 Philoti,
379 519 445 556 ubi
468 515 607 554 tamdiu
627 528 690 553 vo-

111 577 250 629 luptati
275 570 436 611 vacasti?
507 570 577 607 Ph.
609 567 690 606 Mi-

114 631 217 669 nime
247 626 344 665 certe
373 622 556 674 voluptati
587 635 691 661 vaca·

113 684 167 730 vi,
200 694 284 732 quae
309 677 398 716 hinc
425 672 587 714 Athenis
617 673 691 712 Co-

111 733 283 775 rinthum
309 729 472 782 profecta
498 742 579 766 sum
606 741 692 766 cnm

115 787 239 827 milite
255 784 527 823 immitissimo:
556 781 607 822 ibi
611 794 693 870 ¹per

116 840 278 892 spatium
296 838 519 876 continuum
536 835 610 871 duo
631 848 694 872 um

115 905 300 932 annorum
318 891 451 929 misera
467 887 574 925 illum
589 900 695 938 passa

117 959 214 993 sum.
269 945 339 983 Pa.
364 941 436 980 Per
460 941 578 978 aedem
609 938 696 978 Pol·

118 999 232 1045 lucis,
259 995 478 1040 Philotium,
502 1007 525 1032 o
553 994 635 1031 inor
656 1001 696 1031 te

117 1065 219 1104 aaepe
251 1049 433 1089 desiderio
462 1045 516 1090 At
545 1059 696 1084 enarum

119 1103 307 1158 flagrasse,
334 1111 372 1141 et
390 1099 587 1139 consilium
605 1097 696 1136 hinc

120 1156 332 1197 discedendi
349 1152 588 1206 improbasse.
626 1152 698 1190 Ph.

119 1210 256 1251 Verbis
282 1209 440 1260 exprimi
467 1219 542 1244 non
560 1213 698 1257 potest,

122 1272 263 1316 quanta
291 1261 472 1313 cupiditas
504 1272 564 1296 me
595 1269 700 1296 tene-

122 1318 192 1358 bat
217 1319 258 1354 in
288 1314 387 1354 hanc
419 1313 548 1351 urbem
579 1324 699 1358 rever-

120 1369 242 1417 tendi,
276 1365 487 1406 discedendi
518 1365 540 1403 a
566 1364 699 1410 milite,

124 1433 237 1475 atque
277 1430 427 1473 aspectu
464 1427 586 1456 vestro
623 1416 701 1456 fru-

125 1477 232 1522 endi5
272 1484 317 1514 ut
347 1487 391 1512 ex
421 1472 567 1510 vetusta
596 1470 703 1509 fami-

125 1530 287 1569 liaritate
323 1526 544 1566 celebrarem
582 1524 704 1573 vobis·-

125 1595 212 1622 cum
231 1581 455 1626 convivium,
482 1577 620 1620 nullius
643 1590 707 1615 vo-

126 1635 265 1680 luntati
291 1634 451 1672 subdita.
474 1655 481 1661 -
504 1630 604 1669 Nam
633 1629 707 1668 Co-

127 1687 246 1729 rinthi
284 1701 361 1725 non
403 1695 483 1724 erat
523 1682 616 1723 mihi
653 1683 707 1721 fa-

127 1741 245 1780 cultas
285 1739 474 1791 loquendi‚
517 1738 585 1776 nisi
621 1749 706 1789 quoe

128 1804 236 1848 grata
263 1801 389 1831 essent
427 1791 552 1838 militi,
595 1797 706 1842 prout

129 1847 423 1892 determinasset,
450 1854 488 1882 et
517 1844 708 1896 praescrip·

131 1900 255 1942 sisset.
283 1901 351 1938 Pa.
372 1897 462 1936 Non
475 1897 631 1936 arbitror
643 1895 709 1934 be-

131 1967 184 1993 ne
207 1967 276 2006 pro
302 1952 367 1991 tua
397 1951 583 1990 voluntate
612 1949 711 1988 mili-

133 2016 213 2046 tem
247 2006 451 2044 terminum
492 2012 532 2042 et
560 2003 712 2041 modum

135 2059 352 2113 praefiniisse
375 2057 604 2096 sermonibus
622 2056 712 2102 tuis,

137 2114 225 2152 cum
242 2125 304 2150 vos
323 2112 494 2163 loquaces
509 2111 601 2149 sitis.
643 2109 715 2148 Ph.

138 2165 336 2217 Sequuid
367 2166 421 2203 rei
451 2163 538 2202 est?
574 2161 712 2214 qualia,

137 2228 179 2271 et
207 2228 344 2271 quanta
369 2218 496 2255 retulit
526 2215 620 2254 mihi
648 2213 712 2254 hic

135 2272 239 2311 intus
257 2269 443 2310 Bacchis?
500 2269 598 2308 Illud
615 2268 715 2320 quod

736 106 794 162 P.
828 102 1193 158 TERENTII-
1217 101 1534 160 HECYRA.

736 246 968 311 Philotis,
992 247 1125 298 salve
1150 247 1384 297 multum.
1460 243 1566 297 Ph.
1598 242 1631 296 ὂ
1653 246 1802 310 salve,
1824 244 2091 298 Parmeno.

740 319 830 388 Sy.
867 317 1032 381 Salve,
1069 328 1333 383 mecastor,
1373 316 1638 368 Parmeno.
1718 318 1821 369 Pa.
1857 326 1909 368 et
1939 327 1995 367 tu
2028 312 2166 366 aede-

919 391 987 453 ol,
1012 389 1048 440 S
1084 406 1153 440 ra.
1210 413 1239 435 ·.
1495 429 1497 431 μ
1694 434 1706 444 ,

739 460 844 514 Dic
868 407 1014 520 riiihi,
1038 406 1246 522 lghilot-i,
1267 457 1354 509 ubi
1378 466 1430 508 te
1453 455 1715 509 oblectasti
1737 457 1966 510 tamdiu?

743 533 844 586 Ph.
885 531 1110 584 Minime
1135 548 1218 583 me
1242 529 1478 599 equidem
1499 529 1765 594 oblectavi,
1788 546 1901 600 quae
1921 546 2041 581 cum
2065 526 2167 579 mi-

885 603 975 655 lite
1017 625 1024 633 ·
2104 602 2171 650 10

745 674 1048 727 Corinthum
1071 674 1195 726 hinc
1218 691 1328 725 sum
1351 672 1578 742 profecta
1599 670 2051 731 inhumanissimo:

744 746 1026 799 Biennium
1052 745 1446 815 ibiperpetuum
1474 745 1654 796 misera
1677 741 1959 802 illum-tuli.
2014 779 2019 782 ι
2111 779 2118 783 -

751 818 855 870 Pa.
892 818 1111 887 AEdepol
1140 826 1191 868 te
1222 816 1526 868 desiderium
1550 815 1866 868 Athenarum
1891 811 2115 879 arbitror,

747 890 1043 953 Philotium,
1070 888 1259 958 cepisse
1283 905 1448 956 saepe3
1486 897 1537 937 et
1559 898 1609 938 te
1634 896 1779 938 tuum
1850 916 1856 927 ι
2119 939 2124 944 ,

750 961 1032 1034 Con-silium
1059 959 1430 1028 contempsisse.
1506 959 1607 1011 Ph.
1632 976 1735 1010 non
1760 957 1863 1010 dici
1885 963 2048 1026 potest
2066 995 2070 1015 ,Γ
2090 959 2186 1019 .15‚

750 1033 923 1088 Quam
944 1031 1127 1102 cupida
1145 1049 1281 1082 eram
1303 1031 1405 1082 huc
1428 1030 1687 1094 redeundi,
1709 1026 1927 1082 abeundi
1951 1029 1982 1079 ὲ
1999 1023 2179 1091 milite,

749 1105 952 1174 Vosque
975 1103 1064 1156 hic
1089 1101 1290 1154 videndi
1304 1122 1319 1166 3
1358 1102 1566 1172 antiqua
1589 1111 1646 1153 ut
1670 1098 2036 1165 consuetudine
2083 1143 2086 1146 ,
2126 1141 2135 1158 ,Α

750 1175 1012 1244 Agitarem
1038 1174 1168 1226 inter
1190 1183 1274 1224 vos
1298 1173 1453 1224 libere
1478 1173 1782 1226 convivium.

750 1247 885 1299 Nam
912 1246 990 1298 illi
1014 1245 1148 1297 haud
1172 1245 1356 1297 licebat
1380 1245 1476 1297 nisi
1499 1243 1751 1315 praefinito
1776 1242 1916 1312 loqui
2190 1301 2197 1313 ,

753 1320 886 1374 Quae
909 1317 986 1370 illi
1008 1319 1280 1389 placerent.
1320 1317 1421 1370 Pa.
1445 1316 1582 1368 haud
1599 1315 1777 1386 opinor
1795 1311 2062 1368 commode
2108 1313 2182 1363 20

755 1390 936 1443 Finem
953 1384 1186 1459 ⁴statuisse
1207 1387 1421 1440 orationi
1449 1387 1687 1440 militem.
1901 1442 1930 1454 ..
1968 1437 1970 1443 ,

756 1462 857 1515 Ph.
883 1461 983 1512 Sed
1009 1459 1132 1530 quid
1151 1462 1323 1528 negoti
1344 1459 1471 1512 hoc?
1510 1459 1662 1511 modo
1681 1475 1797 1527 quae
1815 1453 2035 1511 nai-iavit,
2055 1453 2197 1512 mihi.

759 1533 867 1586 Hic
892 1532 1025 1584 intus
1049 1531 1302 1584 Bacchis?
1342 1531 1476 1600 quod
1501 1548 1596 1599 ego
1621 1547 1881 1599 nunquam
1905 1526 2095 1580 credidi

763 1607 903 1669 Fore,
926 1614 983 1655 ut
1003 1603 1089 1655 ille
1113 1603 1209 1655 hac
1233 1603 1347 1654 viva
1368 1612 1534 1672 posset
1557 1601 1788 1653 animum
1814 1598 2055 1652 inducere

761 1674 988 1741 Uxorem
1013 1675 1211 1727 habere.
1278 1674 1383 1730 Pa.
1411 1675 1593 1728 habere
1616 1672 1821 1726 autem?
1861 1671 1966 1724 Ph.
1991 1669 2089 1722 eho
2113 1678 2198 1733 tu,¹

898 1766 964 1799 an
994 1765 1095 1798 non
1117 1746 1305 1798 habet?
2116 1745 2190 1793 25⁷

761 1821 862 1873 Pa.
890 1819 1092 1871 Habet:
1128 1818 1215 1870 sed
1237 1817 1398 1871 firmae
1421 1819 1503 1891 hae
1527 1835 1700 1870 vereor
1721 1825 1778 1869 ut
1800 1816 1902 1870 sint
1925 1813 2134 1884 nuptiae.

762 1891 866 1943 Ph.
894 1891 971 1943 Ita
996 1891 1047 1942 di
1072 1889 1279 1959 deaeque
1301 1890 1481 1954 faxint,
1499 1889 1540 1940 si
1566 1889 1619 1941 in
1645 1906 1752 1941 rem
1777 1897 1851 1940 est
1873 1882 2164 1939 Bacchidis.

764 1963 866 2015 Sed
890 1963 979 2030 qui
1003 1961 1131 2013 istuc
1157 1959 1356 2013 credam
1382 1961 1448 2012 ita
1473 1961 1610 2012 esse?
1651 1959 1733 2014 dic
1758 1957 1904 2023 mihi,
1923 1958 2190 2010 Parmen0.
2235 2008 2237 2010 ,

766 2035 868 2087 Ρα.
905 2033 1028 2085 Non
1052 2041 1126 2083 est
1148 2050 1271 2102 opus
1294 2035 1517 2102 prolato:
1555 2031 1654 2083 hoc
1675 2028 2018 2100 percontarier
2094 2080 2101 2084 a.
2200 2038 2203 2041 ’

769 2104 986 2158 Desiste.
1023 2105 1123 2157 Ph.
1150 2121 1335 2173 nempe
1359 2107 1420 2155 ea
1438 2105 1602 2168 causa,
1625 2112 1685 2154 ut
1703 2118 1768 2154 ne
1793 2101 1845 2154 id
1862 2100 1952 2153 fiat
1967 2101 2157 2170 palam.
2203 2106 2210 2132 -’

764 2177 844 2230 Ita
867 2194 955 2244 me
975 2177 1027 2227 di
1049 2176 1308 2239 amabunt,
1330 2174 1467 2227 haud
1483 2171 1745 2244 propterea
1760 2181 1811 2224 te
1830 2180 2052 2241 rogo,1ut
2119 2171 2207 2222 31-

769 2249 888 2301 Hoc
915 2249 1181 2317 proferam,
1204 2247 1292 2298 sed
1315 2246 1467 2299 tacita
1490 2255 1548 2298 ut
1574 2261 1778 2297 mecum
1802 2243 2070 2312 gaudeam.

140 2338 332 2376 „unquam
376 2323 501 2375 putavi
547 2322 716 2361 futurum
773 2322 872 2374 Pa.
906 2319 1185 2388 Nunquam
1231 2318 1365 2371 dices
1409 2328 1515 2370 tam
1563 2317 1847 2381 commode,
1893 2324 1951 2367 ut
1992 2325 2208 2384 tergum»

143 2391 237 2426 esse,
276 2386 320 2416 ut
347 2374 560 2428 Pamphilus
594 2383 719 2428 posset

142 2431 274 2469 adduci
302 2439 347 2468 ut
376 2443 526 2468 uxorem
554 2428 719 2475 duceret,

911 2407 1087 2443 meum

143 2485 233 2523 dum
260 2482 418 2522 Bacchis
444 2484 554 2521 vitam
581 2493 720 2534 ageret.
769 2465 936 2518 Tuam
973 2461 1030 2515 in
1062 2461 1218 2515 fidem
1255 2460 1588 2514 committam.
1679 2459 1781 2513 Ph.
1817 2458 1883 2512 ah
1916 2456 2042 2523 noli,
2075 2455 2197 2511 Par-

143 2538 215 2576 Pa.
233 2535 365 2580 Quid?
395 2536 447 2573 ais
465 2549 549 2574 eum
565 2548 719 2574 uxorem

143 2590 320 2628 duxisse?
377 2589 449 2628 Ph.
474 2588 562 2628 Eho
579 2599 635 2636 tu,
662 2601 721 2626 re·

144 2643 305 2696 sponde3
332 2656 455 2680 annon
475 2643 605 2680 duxit?
651 2641 722 2680 Pa.

145 2695 291 2735 Duxit:
330 2697 394 2734 sed
419 2695 548 2734 dubito
575 2708 623 2733 an
647 2695 722 2733 sint

912 2551 1069 2587 meno
1092 2554 1105 2587 Ξ

774 2606 933 2664 Quasi
957 2614 1010 2658 tu
1037 2623 1140 2657 non
1165 2605 1325 2658 multo
1350 2603 1496 2658 malis
1527 2619 1724 2656 narrare
1745 2601 1846 2656 hoc
1872 2601 2017 2668 mihi,
2127 2604 2197 2653 35

147 2749 296 2787 stabiles
314 2747 376 2786 hae
395 2749 546 2800 nuptlae·
574 2749 645 2787 Ph·
685 2748 769 2798 Dii,
787 2754 937 2804 deaeque
955 2752 1091 2791 faciant
1108 2766 1155 2790 ne
1173 2754 1246 2791 sint
1263 2747 1427 2797 stabiles,
1446 2752 1477 2789 si
1496 2751 1533 2789 id
1553 2749 1643 2788 utile
1661 2759 1718 2789 est
1732 2747 1923 2788 Bacchidi.
1942 2748 2005 2787 sed
2021 2759 2131 2799 quam
2148 2743 2199 2785 ob

148 2815 311 2849 causam,
327 2802 425 2863 unde
444 2801 542 2839 istud
560 2801 705 2841 credam
723 2804 776 2844 ita
793 2820 886 2852 esse,
905 2807 1041 2845 scilicet
1065 2805 1129 2844 has
1147 2807 1293 2857 nuptias
1313 2819 1387 2843 non
1407 2818 1484 2844 esse
1503 2805 1623 2842 firmas
1640 2803 1655 2841 ?
1706 2804 1773 2842 Pa.
1790 2802 1881 2840 Non
1899 2815 1992 2854 opus
2010 2810 2066 2839 est
2082 2799 2119 2837 id
2136 2799 2200 2837 de-

149 2854 285 2893 clarare
297 2871 308 2900 3
326 2854 460 2917 ‘desine
479 2855 514 2892 id
534 2857 674 2895 curiose
692 2857 888 2910 inquirere.
943 2860 1014 2898 Ph.
1041 2858 1231 2897 Nimirum
1258 2872 1305 2896 ne
1333 2858 1370 2896 id
1394 2859 1456 2896 fiat
1474 2856 1726 2903 manifestum,
1754 2867 1862 2907 quare
1881 2868 1957 2892 non
1981 2854 2055 2891 sint
2073 2854 2202 2890 firmae.

152 2906 214 2946 Ita
227 2920 287 2946 me
301 2907 352 2945 du
366 2906 463 2946 bene
476 2917 615 2954 ament,
637 2918 708 2947 non
723 2922 873 2964 propter
891 2926 971 2950 ram
990 2923 1136 2951 causam
1152 2921 1191 2949 te
1207 2914 1410 2963 interrogo,
1439 2920 1480 2947 ut
1494 2909 1565 2947 hoc
1582 2908 1785 2960 publicem,
1805 2907 1867 2944 sed
1885 2915 1924 2943 ut
1942 2907 2090 2944 tacitam
2103 2903 2203 2956 apud

150 2973 212 2999 me
232 2960 457 3012 voluptatem
478 2962 634 3011 capiam,
662 2971 706 3000 ut
725 2966 763 3003 in
784 2967 868 3003 sinu
895 2966 1076 3013 4audeam.
1130 2966 1199 3003 Pa.
1227 2963 1433 3014 Nunquam
1454 2973 1529 3001 tam
1549 2962 1680 2999 idonee
1698 2971 1735 2998 et
1755 2961 1839 3011 apte
1855 2959 2037 3009 eloqueris
2056 2958 2101 2996 ad
2118 2969 2204 3010 per-

149 3013 392 3075 suadendum,
410 3022 454 3052 ut
470 3023 617 3065 tergum
636 3028 761 3056 meum
780 3019 816 3055 in
836 3011 988 3056 tutelam
1008 3027 1110 3057 tuam
1125 3017 1268 3057 dedam.
1321 3018 1391 3056 Ph.
1418 3014 1482 3055 Ah
1501 3015 1592 3063 noli,
1608 3011 1805 3061 Parmeno,
1823 3013 1945 3051 dicere
1962 3011 2068 3051 talia:
2097 3011 2202 3065 quasi

152 3078 195 3106 tu
214 3080 288 3106 non
306 3068 432 3120 potius
449 3066 537 3106 velis
554 3066 625 3107 hoc
645 3067 738 3110 mihi
756 3084 1058 3120 commemorare,

210 3358 226 3388 1
237 3358 253 3388 1
290 3349 538 3405 C'orinfflum]

956 3280 960 3284 .
1012 3238 1343 3280 ANNOTATIO.

194 3403 203 3412 .
591 3353 745 3394 Achaiae
763 3355 849 3394 urbs
865 3355 903 3393 in
920 3355 1047 3393 medio
1058 3352 1157 3393 Isth·
1209 3366 1296 3391 acus
1326 3352 1482 3390 dicitur:
1524 3350 1668 3389 duobus
1697 3349 1833 3402 inclyta
1862 3350 2056 3402 portubus.
2107 3348 2210 3388 Cen-

155 3416 207 3440 mi
238 3401 539 3456 Peloponnesiaci
568 3409 638 3445 sita
668 3406 846 3461 (Isthmos
876 3418 1000 3446 autem
1033 3407 1158 3446 Graeci
1210 3405 1342 3444 chraeze
1368 3404 1414 3442 ab
1442 3413 1524 3442 ortu
1560 3414 1688 3454 portus
1726 3404 1896 3442 imminet

1941 3401 2062 3454 AEgeo
2086 3402 2177 3439 mari
2194 3415 2205 3438 ι

155 3466 287 3494 vocant
313 3461 516 3509 angustias,
544 3462 677 3511 quibus
704 3462 725 3500 ὲ
755 3461 947 3512 peninsula
968 3461 1013 3499 ad
1036 3461 1156 3498 conti·
1207 3457 1377 3497 Lechoeae
1392 3457 1501 3495 Ionio
1518 3457 1563 3494 ab
1583 3469 1740 3496 occasu:
1768 3456 1865 3496 unde
1882 3455 2059 3495 bimarem
2086 3460 2204 3508 poetae

158 3518 311 3557 nentem
331 3520 386 3548 est
409 3513 542 3563 aditus)
572 3514 618 3552 ab
646 3524 729 3553 ortu
757 3513 995 3558 Saronicnm3
1024 3513 1070 3551 ab
1093 3526 1156 3551 oc-
1207 3509 1430 3552 Corinthum
1447 3511 1632 3551 dixerunt.

157 3574 259 3610 casu,
286 3561 486 3605 Crissaeum
505 3568 628 3607 sinum
647 3565 801 3618 habens,
829 3569 893 3621 qui
911 3577 950 3607 et
968 3564 1157 3607 Corinthi·
