2340 3964
102 135 220 190 xciv

1039 126 1594 190 PROIAEGOMENA

586 278 661 328 Ex
684 277 784 342 ipsd
805 277 978 325 miliens
997 274 1174 323 audivi.
1237 275 1301 323 Et
1322 272 1369 324 in
1387 273 1670 327 Phormione
1688 293 1702 328 t
1766 291 1771 296 ’
2207 328 2218 334 ᾖ

584 345 650 393 At
671 346 789 392 enim
819 343 945 388 toedet
965 341 1100 388 etiam
1124 339 1286 388 audire
1304 343 1461 392 eadem
1479 347 1663 394 miliens.
1727 343 1792 392 Et
1817 343 1866 394 in
1889 340 2176 393 Heautonti-

640 421 957 456 morumeno:
1226 425 1227 428 ¹
1352 437 1361 443 .
1718 463 1720 465 v

485 515 510 531 ,χ
562 471 567 474 ”
595 475 655 521 Ut
677 473 794 520 nihil
809 471 967 520 credas
986 471 1243 534 intelligere,
1268 473 1358 520 nisi
1377 473 1494 521 idem
1509 475 1728 524 dictum'st
1748 477 1949 524 centiens-

460 564 463 567 ·
519 539 630 588 Quo
651 538 796 586 etiam
817 553 947 585 more
971 536 1018 584 in
1043 536 1369 600 antiquissimo
1389 535 1579 603 Virgilii
1601 541 1721 593 libro
1753 541 1924 608 legisse
1946 556 2041 596 me,
2074 553 2175 588 me·-

454 603 608 654 moria
631 611 775 651 teneo
798 603 933 651 illum
954 618 1170 651 versum:

584 667 648 716 Et
668 671 851 716 noviens
874 668 984 732 Styx
1005 669 1223 726 interfusa
1243 673 1430 718 coercet.

464 748 467 750 ’
520 730 808 800 Quanquam
831 736 880 783 in
901 733 1071 783 eodem
1093 734 1218 782 libro
1238 735 1384 782 etiam
1402 734 1518 784 illud
1543 736 1665 803 legi:

1106 801 1324 859 Necface
1345 811 1520 851 tantum

589 865 769 916 Cissaeis
782 879 990 931 praegnas·
1011 867 1134 932 ignis
1153 867 1290 914 enixa
1296 868 1497 932 jugales.

516 931 611 981 Sed
635 942 707 982 est
722 933 873 1001 etiam
896 933 944 978 in
967 930 1233 981 Eunucho:
1820 972 1829 979 κ

582 998 726 1047 More
745 999 968 1045 hominum
989 999 1147 1051 evenit,
1170 1007 1220 1043 ut
1241 998 1354 1062 quid
1371 1000 1455 1046 sim
1473 1009 1659 1048 nanctus
1679 1001 1791 1047 mali

582 1066 723 1112 Prius
741 1066 1009 1116 rescisceres,
1029 1062 1164 1126 qudm
1186 1080 1266 1127 ego
1289 1064 1422 1120 illud,
1446 1065 1566 1130 quod
1587 1065 1697 1113 mihi
1718 1067 1860 1113 evenit
1877 1065 1996 1114 boni.

517 1131 608 1180 Sed
633 1141 682 1178 et
688 1133 877 1190 finctum
898 1145 986 1191 pro
994 1131 1126 1190 ficte,
1149 1136 1198 1176 et
1220 1130 1516 1187 thensaurum,
1535 1146 1623 1196 pro
1644 1132 1860 1185 thesaurO,
1877 1139 1926 1179 et
1934 1130 2183 1190 formonsi·

452 1215 585 1254 orem,
610 1213 698 1262 pro
718 1196 1012 1259 formosiore,
1041 1193 1148 1241 aliis
1183 1194 1311 1243 idem
1349 1195 1398 1243 in
1424 1197 1541 1245 locis
1578 1201 1721 1261 poeta
1744 1197 1901 1256 dixit3
1940 1206 2039 1243 tum
2063 1193 2179 1242 illud

450 1266 598 1312 etiam
621 1264 670 1311 in
694 1256 944 1315 EunuchO,
977 1276 1135 1315 ossum,
1165 1277 1252 1324 pro
1275 1277 1332 1308 eo
1355 1262 1481 1325 quod
1514 1274 1585 1310 est
1616 1280 1678 1313 os.
1744 1262 1799 1310 In
1825 1278 1918 1325 quo
1953 1261 2181 1326 cognosci

450 1338 625 1396 potest,
651 1326 796 1393 quem
817 1325 1068 1375 rectiusin
1099 1335 1284 1375 vetusto
1317 1327 1416 1388 illo,
1451 1345 1593 1394 quem
1627 1328 1767 1377 toties
1781 1329 1884 1391 jam
1906 1326 2032 1383 dico,
2057 1326 2180 1374 libro

449 1396 681 1461 scriptum
706 1393 752 1440 id
776 1394 852 1448 sit,

590 1458 744 1509 Viden'
767 1476 908 1507 ossum
930 1469 974 1506 et
991 1456 1117 1507 cibus
1136 1460 1250 1524 quid
1257 1461 1419 1521 faciat
1443 1461 1617 1508 alienus
1631 1463 1655 1507 ἒ

435 1526 599 1592 quum
632 1527 682 1573 in
710 1524 923 1578 caeteris,r
951 1523 1033 1588 qui
1051 1519 1256 1572 'habent
1288 1527 1448 1581 ocium,
1481 1542 1580 1573 non
1618 1542 1801 1574 ossum„
1838 1523 1932 1573 Sed
1961 1526 2063 1588 jam
2099 1541 2181 1573 ve-

451 1609 565 1658 reor⁸
581 1609 643 1640 ne
667 1591 804 1653 vobis
826 1587 969 1654 plane
1002 1588 1167 1638 videar
1187 1590 1370 1638 minuta
1397 1591 1599 1639 nimium
1622 1600 1673 1639 et
1703 1589 1876 1655 pusilla
1906 1593 2184 1639 consectari.

452 1659 612 1708 Pone.
649 1655 803 1705 Nobis
825 1654 954 1711 vero,
993 1654 1265 1712 Hermolae,
1299 1655 1417 1704 nihil
1450 1657 1674 1722 pusillum
1715 1664 1870 1720 potest
1906 1672 2037 1712 esse,
2057 1657 2183 1721 quod

450 1722 684 1788 ejusmodi
706 1723 780 1778 sit,
801 1723 849 1770 in
866 1737 958 1785 quo
973 1720 1131 1769 videas
1153 1726 1344 1786 poetam
1360 1724 1480 1770 tanti
1498 1723 1703 1785 nominis
1723 1720 1867 1769 etiam
1885 1721 2184 1786 diligentiam

454 1789 742 1843 adhibuisse,
766 1796 818 1836 ut
855 1788 937 1834 illo
973 1786 1115 1834 modo
1138 1787 1312 1851 potius,
1341 1787 1484 1852 quem
1521 1789 1614 1836 alio
1651 1788 1986 1836 conscriberet.
2053 1787 2184 1837 Quin

451 1858 615 1913 etiam,
642 1853 807 1903 credas
823 1852 941 1901 mihi
963 1852 1120 1910 velim,
1147 1853 1375 1915 majorem
1398 1853 1448 1901 in
1473 1853 1661 1902 modum
1679 1869 1765 1901 nos
1784 1853 1966 1900 minuta
1987 1853 2076 1901 ista
2097 1852 2180 1901 de-

453 1923 650 1976 lectant,
686 1936 792 1985 quae
824 1917 1048 1967 attulisti:
1084 1913 1224 1966 valde
1261 1919 1391 1967 enim
1425 1918 1607 1968 faciunt
1645 1920 1706 1966 ad
1739 1918 2077 1966 Terentianam
2111 1919 2183 1966 in-

454 1987 682 2036 dustriam
707 1983 1505 2051 probitatemquecognoscendam.
1561 1984 1726 2049 Itaque
1743 1999 1968 2047 sequere,
2016 1983 2181 2033 Hm«.

454 2054 542 2102 Est
564 2054 723 2117 igitur,
753 2051 978 2116 quoniam
1002 2050 1070 2096 ita
1091 2049 1176 2106 vis,
1212 2050 1262 2098 in
1285 2051 1535 2106 Eunucho,
1561 2050 1643 2097 ubi
1677 2049 1824 2097 Thais
1858 2049 2054 2098 ancillas
2076 2065 2183 2098 suas

456 2118 658 2186 propere
683 2117 952 2181 alloquitur,
976 2114 1204 2164 mandans
1229 2133 1287 2165 ea
1307 2132 1417 2180 quae
1442 2117 1600 2166 curari
1620 2114 1738 2172 vult,
1763 2115 1831 2164 sic
1851 2133 1865 2166 :

591 2185 731 2240 Quid,
757 2183 867 2247 quid
888 2181 1021 2230 aliud
1041 2182 1167 2230 volui
1189 2183 1336 2230 dicere
1350 2185 1376 2230 Ρ
1404 2183 1539 2238 ehem,

593 2247 755 2297 Curate
775 2250 906 2296 istam
927 2248 1166 2311 diligenter
1185 2249 1419 2310 virginem.

518 2317 666 2367 Quasi
684 2318 825 2379 poeta
847 2328 1123 2377 suspensam
1145 2313 1382 2362 Thaidem
1402 2311 1671 2362 ostenderet
1693 2329 1855 2362 secum
1878 2312 2029 2377 ipsam
2053 2329 2185 2378 quae-

455 2399 576 2439 rere,
601 2382 824 2446 quidnfim
849 2379 966 2427 illud
988 2388 1125 2435 esset,
1143 2378 1269 2444 quod
1289 2379 1515 2428 mandare
1532 2380 1717 2429 ancillis
1733 2380 1784 2427 in
1805 2380 1965 2428 animo
1989 2381 2189 2428 haberet

457 2466 559 2506 suo,
581 2464 735 2512 neque
761 2445 1169 2494 reminiscebatur.
1237 2445 1403 2510 Itaque
1432 2446 1514 2502 ait,
1550 2443 1689 2502 Quid,
1721 2446 1834 2510 quid
1866 2445 2032 2494 aliud?
2080 2445 2187 2496 Quo

456 2516 573 2564 item
595 2530 733 2562 sensu
756 2512 925 2559 Cicero
949 2519 1019 2559 est
1039 2527 1149 2558 usus
1173 2511 1221 2558 in
1254 2512 1350 2559 suis
1371 2512 1462 2559 illis
1483 2510 1542 2558 ad
1566 2513 1783 2560 Atticum
1805 2512 1915 2560 vere
1942 2511 2188 2559 familiari-

457 2582 548 2629 bus
572 2578 814 2644 epistolisz
852 2578 979 2625 Quid
1000 2580 1262 2638 praeterea?
1295 2578 1446 2642 quid?
1476 2579 1641 2625 etiam:
1683 2577 1888 2625 Gabinus
1918 2578 1984 2626 ad
2019 2594 2070 2624 1v
2105 2593 2184 2624 ca·

459 2647 615 2694 lendas
640 2644 846 2692 Octobris
866 2654 1004 2692 noctu
1034 2643 1082 2690 in
1103 2645 1253 2691 urbem
1278 2645 1469 2693 introiit.
1538 2644 1603 2692 Et
1625 2644 1770 2691 alibi:
1816 2646 1941 2692 Novi
1971 2643 2185 2707 quidnam

457 2711 652 2760 scribam
671 2714 694 2757 ,θ
728 2710 839 2775 quid
853 2712 876 2755 3³
908 2711 1075 2763 etiam5
1112 2709 1310 2758 Messala
1331 2712 1484 2757 consul
1497 2711 1861 2758 Anthi-ortianum
1880 2710 2055 2756 domum
2069 2709 2189 2754 emit.
2257 2707 2264 2710 ’

459 2777 523 2826 Et
546 2778 659 2824 item
679 2793 691 2823 ε
729 2774 875 2823 Aliud
896 2775 1010 2838 quid
1027 2779 1049 2820 ,9
1082 2775 1218 2822 etiam
1237 2797 1251 2823 :
1288 2776 1469 2841 quando
1491 2788 1532 2824 te
1547 2777 1779 2838 proficisci
1801 2777 1938 2822 istinc
1959 2775 2186 2836 pute-§fac

458 2854 509 2889 ut
529 2845 686 2889 sciam.
754 2840 939 2890 Quibus
962 2840 1011 2887 in
1033 2839 1152 2887 locis
1186 2843 1325 2890 etiam
1357 2857 1455 2889 non
1485 2840 1701 2890 eddentis
1723 2848 1807 2895 est,
1833 2839 1912 2886 sed
1937 2837 2186 2886 annuentis

459 2906 845 2970 affirmantisque,
867 2921 916 2953 se
938 2905 1124 2960 scilicet
1144 2905 1260 2954 illud
1287 2907 1479 2962 habere,
1501 2906 1627 2970 quod
1651 2905 1859 2959 scribat:
1886 2913 1939 2950 ut
1958 2904 2067 2951 loco
2089 2904 2187 2964 ejus

459 2971 610 3028 verbi,
627 2971 751 3036 quod
776 2970 1025 3018 Terentius
1046 2968 1171 3018 dixit
1189 2972 1327 3026 ehem,
1350 2972 1474 3035 quod
1495 2972 1681 3036 quidem
1698 2979 1799 3018 erat
1816 2970 2054 3034 poeticum
2072 2967 2186 3016 sane

460 3040 676 3092 verbum,
711 3036 813 3099 ipse
849 3039 983 3084 eticim
1004 3035 1200 3092 diceret,
1224 3036 1398 3085 castius
1429 3037 1612 3085 medius
1645 3035 1786 3083 fidius
1811 3046 1859 3082 et
1887 3033 2188 3083 moderatius.

459 3103 604 3168 Apud
627 3103 907 3169 Ciceronem
933 3111 1092 3149 autem
1127 3117 1225 3150 non
1247 3119 1342 3149 uno
1371 3102 1419 3150 in
1442 3103 1565 3157 loco,
1587 3102 1668 3149 sed
1704 3100 1933 3164 pluribus,
1955 3103 2093 3148 etiam
2116 3099 2191 3146 af-

455 3169 693 3230 firmantis
717 3183 815 3214 esse
840 3176 1017 3222 notam,
1037 3167 1113 3215 cui
1137 3167 1423 3216 contrarium
1456 3167 1654 3215 infertur
1673 3184 1775 3221 non,
1801 3180 1896 3213 non
1920 3175 1966 3213 te
1989 3167 2192 3212 arbitror

407 3274 413 3283 ,
461 3236 646 3299 fugere.
699 3231 789 3279 Sed
811 3232 944 3279 visne
966 3233 1071 3287 tibi,
1089 3233 1340 3297 Pomponi,
1359 3235 1594 3282 recenseri
1613 3234 1642 3281 ἐι
1662 3249 1737 3280 me
1751 3248 1829 3278 eos
1851 3236 2010 3295 poetae
2033 3247 2192 3279 versus

460 3303 541 3365 qui
562 3299 677 3347 mihi
703 3298 749 3345 in
772 3309 983 3345 mentem
1001 3299 1209 3354 venient,
1225 3300 1273 3355 in
1291 3299 1464 3362 quibus
1485 3300 1596 3347 insit
1617 3295 1808 3362 aliquid,
1828 3296 1951 3359 quod
1973 3307 2019 3343 te
2031 3297 2191 3343 delec-

461 3378 563 3414 tare
589 3364 763 3430 possit:
801 3363 1046 3427 sinumque
1071 3373 1118 3411 te
1143 3364 1255 3411 illud
1279 3364 1454 3429 aliquid
1479 3381 1690 3427 quaerere
1714 3379 1776 3409 ex
1801 3373 1882 3410 tuo
1901 3362 2111 3410 Terentii
2135 3361 2191 3407 li-

461 3433 564 3486 bro,
592 3429 712 3477 cum'
726 3430 871 3484 voles,
891 3427 1021 3476 domi
1046 3438 1141 3476 tuae
1161 3430 1178 3477 ?
1214 3429 1366 3476 Pom».
1390 3429 1495 3492 Ego
1513 3428 1627 3477 vei-‹⁸›
1642 3428 1864 3476 maxime.
1899 3428 2015 3476 Vult
2033 3435 2190 3474 autem

461 3499 607 3544 etiam
632 3492 964 3543 Phaedrus-hic
999 3495 1066 3540 ita
1098 3505 1145 3541 te
1170 3493 1354 3542 facere:
1392 3497 1472 3557 qui
1496 3497 1718 3557 quoniam
1751 3503 1838 3549 est,
1861 3502 1914 3541 ut
1936 3492 2082 3547 videS,
2104 3489 2186 3538 ad-

461 3561 658 3611 modum
700 3560 991 3615 adolescens,
1026 3559 1252 3607 retinebit
1293 3560 1374 3607 illa
1411 3560 1593 3615 melius,
1629 3577 1737 3623 quae
1771 3560 1987 3607 dicentur
2018 3558 2187 3608 abste,

463 3628 607 3691 quzim
632 3643 739 3691 ego,
772 3627 852 3690 qui
887 3641 1050 3676 senex.
1117 3625 1354 3678 vacillare
1390 3635 1549 3674 autem
1582 3642 1712 3690 saepe
1745 3622 2023 3674 memoriola
2054 3635 2190 3670 senes
