2314 3944
771 136 1006 190 ACTUS
1043 136 1130 190 IV.
1204 132 1436 188 SCENA
1471 134 1540 187 ΙΙ.

12 278 43 298 ’“
121 281 258 341 Nam
292 289 556 350 postquam
600 278 693 331 iste
734 279 936 331 advenit
975 279 1216 331 Chremes
1259 279 1546 330 adolescens

91 356 94 359 ’
264 353 413 405 frater
436 349 658 418 virginis,

121 422 348 475 Militem
374 433 534 490 rogat,
563 421 708 473 illurn
747 421 946 473 admitti
979 429 1036 473 ut
1066 419 1272 490 jubeat:
1311 419 1397 470 ille
1424 437 1545 470 con-

261 492 406 544 tinuo
430 493 590 558 irasci,
616 511 778 562 neque
997 518 1002 522 ·

117 564 318 634 Negare
341 564 541 615 audere.
611 565 767 616 Thais
800 564 946 633 porro
980 562 1177 625 instare,
1203 571 1258 611 ut
1283 561 1544 612 hominem

266 634 278 646 ⁸
319 635 457 686 vitet.
495 635 548 686 id
1511 639 1542 684 5

116 653 365 828 Faciellilalt)
379 706 629 758 retinendi
653 705 787 757 illius
813 706 984 757 caussa
997 723 1013 768 3
1050 702 1183 773 quia,
1208 702 1295 754 illa
1318 720 1432 842 qua?
1457 721 1545 754 cu-

248 778 331 846 pie
368 786 418 828 at
1078 792 1080 795 ·
1423 784 1541 827 erat.

114 843 199 899 De
234 866 398 900 sorore
433 847 537 917 ejus
570 848 807 911 indicare,
831 847 894 898 ad
927 862 1040 897 eam
1078 863 1184 896 rem
1215 854 1415 913 tempus
1441 864 1541 897 non

114 916 300 970 Invitat
323 920 490 973 tristis,
527 920 710 971 mansit
732 919 819 970 ibi.
855 919 941 969 illa
979 935 1095 969 cum
1133 915 1222 967 illo
1257 934 1542 968 sermonem

255 991 458 1060 occipit.
1383 988 1508 1056 [lum
1529 1009 1544 1041 τ

4 1075 17 1089 '
59 1056 61 1062 ’
116 1061 271 1113 Miles
297 1064 410 1114 vero
433 1062 527 1114 sibi
551 1072 726 1131 putare
750 1060 1023 1111 adductum
1048 1067 1164 1124 ante
1185 1058 1356 1113 oculos
1377 1076 1538 1110 aemu-

113 1132 289 1186 Voluit
324 1135 486 1185 facere
523 1136 695 1198 contra
734 1131 856 1182 huic
895 1132 1061 1199 aegre:
1102 1130 1263 1195 HeuS,
1289 1130 1430 1196 heuS,
1458 1130 1536 1188 in-

230 1261 231 1265 ,
258 1205 384 1274 quit,
406 1222 547 1273 puer,
571 1204 673 1255 huc
699 1202 1020 1273 Pamphilam
1477 1207 1540 1252 10

113 1275 345 1339 Accerse,
369 1285 429 1326 ut
447 1275 663 1326 delectet
684 1275 770 1326 hic
801 1291 906 1325 nos,
945 1274 1031 1324 illa
1066 1275 1333 1338 exclamat,
1372 1273 1537 1324 Mini-

255 1348 340 1398 me
361 1346 623 1416 gentium:
1187 1346 1190 1349 ’
1259 1344 1537 1412 [jurgium.

107 1416 243 1477 Tun'
268 1418 323 1469 in
347 1417 633 1469 convivium
659 1416 798 1468 illam
820 1417 838 1468 ?
879 1416 1023 1468 miles
1055 1415 1260 1467 tendere
1283 1437 1294 1469 :
1334 1416 1452 1468 inde
1476 1416 1539 1467 ad

109 1489 308 1542 Interea
327 1507 506 1541 aurum
531 1489 626 1540 sibi
650 1490 783 1540 clam
808 1488 992 1539 mulier
1015 1487 1189 1551 demit,
1214 1487 1299 1539 dat
1330 1486 1460 1538 mihi
1484 1496 1542 1539 ut

254 1563 495 1613 auferam.
1440 1603 1442 1607 ,

115 1632 236 1686 Hoc
259 1644 334 1683 est
357 1632 504 1700 signi,
532 1630 621 1682 ubi
644 1629 864 1700 primurn
900 1629 1099 1699 poterit,
1122 1647 1226 1681 sese
1251 1629 1394 1682 illine
1418 1630 1541 1682 sub-

258 1704 424 1768 ducet,
447 1703 567 1754 sci0.
1375 1711 1380 1716 '

2105 138 2169 185 Sl

1600 274 1699 314 Nam
1726 285 1922 327 postquam
1945 276 2016 313 iste
2050 275 2175 315 adole-

1599 336 1704 367 scens
1722 328 1916 374 Chremes,
1933 327 2044 366 frater
2062 330 2175 381 virgi-

1599 383 1656 419 nis
1727 380 1946 433 Pamphilae,
2009 383 2172 431 advenit,

1597 433 1710 474 Thais
1741 433 1897 472 militem
1925 443 2039 485 rogat,
2060 442 2104 472 ut
2129 435 2174 472 il·

1599 487 1677 525 lum
1709 489 1747 526 in
1780 487 1930 524 domum
1968 488 2082 539 recipi
2108 487 2171 538 ju-

1599 540 1702 578 beat:
1724 539 1785 578 ille
1801 541 1927 578 statim
1940 539 1995 578 ira
2007 553 2172 580 commo-

1599 602 1658 630 tus
1683 603 1752 638 est,
1770 590 1891 643 neque
1918 601 2041 631 tamen
2066 606 2172 632 recu-

1598 659 1676 682 sare
1694 659 1800 683 ausus
1826 645 1916 684 fuit:
1944 644 1979 682 T
1982 643 2059 684 ha'is
2076 660 2171 697 prae-

1596 706 1695 736 terea
1708 700 1835 744 instat,
1849 708 1892 735 ut
1907 697 2098 736 hominem
2114 701 2172 737 in-

1598 751 1687 788 vitet
1705 751 1748 788 ad
1770 764 1931 788 coenam:
1960 752 1996 788 id
2008 751 2173 790 faciebat

1596 801 1631 838 T
1632 802 1725 849 hals,
1748 812 1791 840 ut
1808 800 2045 841 Chremetem
2071 805 2171 856 apud

1595 868 1633 892 se
1653 857 1843 902 retineret,
1861 857 2060 907 quominus
2090 857 2171 896 abi-

1594 917 1672 954 ret3
1702 910 1788 959 quia
1806 923 1862 946 res
1891 909 1984 956 illas,
2001 923 2092 960 quas
2109 924 2172 949 ve-

1595 959 1790 998 hementer
1803 963 1836 998 ei
1851 962 1895 999 de
1914 975 2035 1000 sorore
2054 964 2170 1014 ipsius

1597 1013 1767 1064 detegere
1794 1014 1952 1061 volebat,
1982 1016 2168 1054 indicandi

1595 1074 1686 1102 tunc
1702 1065 1803 1104 loeus
1823 1081 1896 1106 non
1913 1077 1999 1105 erat.
2053 1066 2170 1107 Miles

1594 1118 1696 1155 illum
1712 1120 1841 1157 invitat
1854 1121 2005 1167 invitus,
2022 1129 2060 1158 et
2073 1120 2172 1162 tristi

1591 1171 1710 1217 vultu,
1732 1174 1864 1210 mansit
1884 1173 2092 1211 adolescens
2110 1185 2169 1212 re-

1592 1223 1729 1262 tentus.
1792 1224 1906 1262 Thais
1938 1226 2033 1264 collo
2059 1228 2166 1267 nium

1592 1289 1677 1314 cum
1723 1277 1788 1315 illo
1832 1279 1977 1329 incipit.
2098 1277 2168 1319 iles

1591 1330 1677 1367 vero
1735 1330 1821 1369 cum
1875 1332 2088 1383 opinaretur
2145 1333 2169 1372 ὶ

1592 1380 1627 1418 T
1628 1380 1739 1436 haIde⁴
1751 1383 1899 1421 rivalem
1918 1384 1990 1422 sibi
2014 1393 2100 1424 ante
2125 1398 2168 1423 0-

1584 1435 1712 1497 >culos‘
1725 1437 1970 1488 propositum'
1983 1450 2077 1485 esse,
2106 1452 2173 1477 vo-
2188 1443 2190 1446 ’

1593 1487 1664 1526 luit
1681 1489 1842 1528 vmissim
1869 1489 1988 1528 facere
2013 1490 2059 1528 ali
2089 1491 2168 1540 uid,

1593 1541 1694 1592 quod
1716 1541 1914 1580 molestum
1932 1552 2030 1582 esset
2091 1542 2173 1584 hai·

1595 1595 1656 1632 di:
1712 1592 1834 1642 Heus,
1878 1596 2016 1647 inquit,
2061 1609 2171 1649 puer,

1594 1644 1829 1699 Pamphilam
1866 1661 1971 1696 voca,
2011 1658 2056 1688 ut
2094 1649 2171 1702 lyra

1594 1711 1731 1737 canens
1745 1713 1811 1739 nos
1829 1700 2002 1741 oblectet.
2055 1701 2171 1743 Thais

1596 1751 1836 1800 exclamabat,
1855 1753 2019 1794 Minime
2047 1758 2176 1796 omni-->

115 1821 182 1847 um
197 1806 271 1846 hoc
288 1807 393 1844 licet:
422 1807 462 1843 in
480 1806 687 1844 convivium
714 1814 756 1843 tu
784 1804 883 1844 illam
914 1803 1045 1843 adduci
1066 1804 1226 1855 jubeas?
1256 1803 1372 1843 Miles
1389 1798 1529 1842 veroid
1558 1813 1603 1843 ut
1623 1805 1729 1844 fieret
1746 1808 1989 1846 contenderet
2017 1808 2102 1848 inde
2119 1810 2167 1850 ad

113 1862 277 1914 'urgium
293 1868 444 1897 ventum
462 1867 530 1896 est.
584 1857 730 1896 Interea
755 1871 900 1903 aurum,
917 1858 1088 1904 annulos,
1109 1866 1270 1909 torques,
1296 1857 1468 1905 armillaS,
1495 1866 1696 1909 caeteraque
1719 1869 1934 1899 ornamenta
1960 1875 2069 1900 aurea
2095 1863 2168 1902 sibi

107 1876 231 1952 “ll'hais
248 1911 392 1950 occulte
414 1912 550 1956 demin
578 1912 640 1949 dat
658 1909 751 1949 mihi
775 1919 819 1948 ut
846 1919 1048 1962 expertem.
1101 1909 1188 1949 Hoc
1216 1912 1286 1949 esti
1305 1911 1486 1959 adiciam,
1515 1911 1612 1950 unde
1624 1912 1717 1960 scio,
1742 1911 1808 1951 ubi
1833 1914 1999 1966 primum
2016 1917 2169 1969 poterit,

117 1961 327 2006 clanculum
343 1963 428 2004 inde
444 1963 695 2003 discessuram.

921 2082 1362 2125 ANNOTATIONES.

169 2204 218 2235 12
247 2196 294 2234 In
326 2193 530 2234 convivium
562 2194 670 2232 illam
679 2191 717 2242 .9]
774 2190 821 2230 In
857 2191 1002 2230 Graecia
1036 2206 1112 2230 non
1165 2192 1280 2230 nostri
1309 2191 1464 2241 virginis
1494 2194 1638 2233 acerbas
1671 2207 1778 2234 aures
1807 2197 1946 2236 veneris
1984 2199 2168 2238 vocabulis

114 2249 401 2291 admittebantur
432 2248 603 2298 ingenuae
638 2246 811 2283 mulieres
844 2244 889 2282 ad
934 2246 1111 2299 convivia,
1163 2245 1278 2292 imbui
1296 2247 1499 2283 noluerunt.

114 2305 186 2343 nisi
205 2301 493 2355 propinquorum
521 2308 560 2336 et
585 2307 837 2350 cognatorum,
856 2306 898 2335 ut
916 2297 1110 2335 Cornelius

1220 2304 1264 2335 13
1296 2298 1435 2335 Interea
1448 2311 1582 2338 aunem
1596 2301 1663 2338 sihi
1680 2301 1775 2339 εζίιτη
1791 2305 1924 2341 mulier
1941 2302 2079 2353 demit]
2121 2302 2166 2342 Id

115 2357 248 2407 Nepos
273 2354 396 2391 refert.
451 2350 566 2389 Varro
591 2352 687 2402 apud
704 2350 874 2414 Nonium
893 2351 944 2388 sic
974 2349 1110 2408 refert:
1166 2351 1296 2401 agebat
1317 2349 1447 2396 Thais,
1466 2365 1514 2388 ne
1536 2365 1603 2403 pro
1621 2354 1744 2404 puella
1757 2355 1841 2393 data
1857 2357 1974 2406 ipsam
1994 2357 2168 2410 spoliaret

119 2411 230 2460 Wrgo
259 2409 301 2446 de
326 2404 487 2445 convivio
514 2405 716 2451 abdicatur,
735 2405 813 2443 ideo
837 2405 933 2454 quad
960 2416 1114 2453 majores
1166 2403 1285 2450 miles,
1299 2403 1330 2440 si
1345 2404 1379 2440 ei
1395 2406 1576 2455 repetenti
1590 2406 1770 2458 virginem
1788 2409 1972 2461 negasset.

501 2549 912 2619 ACTUS
983 2549 1104 2618 IV.
1204 2548 1612 2620 SCENA
1688 2555 1776 2622 ΙΙ.

956 2682 1321 2735 PHAEDRIA.

114 2779 265 2834 DUM
281 2798 363 2832 rus
388 2797 464 2842 e0,
489 2777 625 2848 coepi
650 2786 851 2846 egomet
876 2795 1077 2828 mecum
1103 2777 1234 2828 inter
1257 2778 1375 2845 vias,

115 2853 193 2904 Ita
216 2861 274 2903 ut
295 2850 368 2915 fit,
393 2851 480 2901 ubi
505 2850 627 2919 quid
653 2848 705 2900 in
730 2849 901 2900 animo
926 2857 999 2899 est
1025 2849 1286 2913 molestiae,

116 2923 287 2975 Aliam
312 2939 418 2973 rem
444 2939 507 2973 ex
531 2921 630 2977 alia
653 2920 887 2987 cogitare,
909 2930 959 2969 et
983 2936 1042 2969 ea
1065 2920 1236 2971 omnia
1263 2921 1314 2971 in

115 2992 342 3064 Pejorem
381 3003 609 3062 partem:
649 2990 771 3060 quid
794 2990 911 3059 opu'
936 3001 1010 3041 est
1043 2990 1237 3043 verbis?
1278 2991 1400 3043 dum
1426 2991 1541 3045 haec

256 3073 396 3133 put0‚

114 3132 342 3186 Praeterii
366 3133 655 3203 imprudens
678 3132 865 3184 villam.
907 3135 1057 3200 longe
1072 3133 1183 3204 jam
1209 3133 1447 3198 abieram,
1507 3142 1538 3188 5

117 3203 249 3255 Cirm
274 3205 437 3256 sensi:
476 3205 624 3256 redeo
647 3222 862 3268 sursum,
889 3207 1018 3255 male
1041 3205 1154 3255 vero
1180 3223 1262 3255 me
1287 3206 1492 3259 habenS.

115 3274 222 3326 Ubi
240 3275 303 3326 ad
327 3276 491 3343 ipsum
511 3275 627 3326 veni
650 3275 1023 3340 divorticulum,
1045 3276 1276 3329 constiti:

1648 2782 1753 2822 Dum
1779 2784 1817 2822 in
1844 2784 1966 2824 villam
1985 2800 2044 2834 eo,
2071 2789 2168 2837 coepi

1596 2846 1746 2888 egomet
1778 2837 1834 2887 (ut
1863 2839 1985 2876 solent
2012 2841 2077 2890 qui
2103 2839 2170 2877 ali-

1595 2890 1668 2939 qua
1697 2891 1917 2941 aegritudine
1951 2893 2065 2929 animi
2092 2893 2172 2944 agi-

1595 2942 1735 2993 tantur)
1780 2944 1877 2981 inter
1920 2945 2081 2982 eundum
2123 2945 2169 2983 de

1593 2994 1663 3032 alia
1695 3007 1734 3032 rc
1763 3009 1873 3047 super
1903 2997 1974 3034 alia
1991 2998 2167 3046 cogitare,

1593 3057 1633 3085 et
1660 3060 1703 3085 ea
1728 3047 1852 3086 omnia
1883 3050 1922 3086 in
1949 3046 2168 3087 deteriorem

1594 3110 1736 3151 partem
1771 3102 2023 3153 interpretari:

1593 3153 1698 3204 plura
1715 3153 1860 3191 dicam?
1890 3154 1977 3192 dum
2006 3153 2085 3191 haec
2105 3167 2167 3192 co-

1592 3206 1687 3255 gito,
1732 3206 1830 3243 aliud
1872 3220 2001 3258 agenS,
2044 3207 2167 3245 locum

1592 3258 1718 3308 proedii
1737 3259 1900 3296 transivi.
1942 3257 2072 3309 Longe
2087 3259 2167 3307 jam

1593 3310 1638 3347 ab
1658 3323 1702 3347 eo
1729 3323 1988 3360 processeram,
2008 3312 2094 3349 cum
2113 3325 2170 3353 er-

116 3371 236 3398 rorem
251 3358 509 3396 animadverti:
530 3359 622 3396 istuc
633 3371 815 3410 regressus
830 3373 911 3397 sum
933 3360 1026 3397 male
1038 3359 1186 3410 quidem
1200 3373 1259 3410 me
1273 3358 1428 3400 habens.
1481 3359 1559 3400 Ubi
1579 3364 1660 3400 veni
1678 3364 1722 3401 ad
1741 3364 1883 3402 semitae
1897 3363 2169 3412 diverticulum,

118 3412 192 3464 qu&
209 3411 231 3449 ὓ,
249 3411 306 3449 via
321 3411 468 3463 publica
485 3410 691 3449 deflectitur
703 3412 747 3449 ad
767 3411 971 3465 villam,'ibi
990 3413 1129 3451 restiti:

979 3543 1097 3585 ANN
1101 3544 1172 3584 OT
1171 3543 1313 3584 ATIO.

168 3646 189 3687 7
220 3640 283 3680 Ad
288 3641 427 3735 ulmum
444 3637 728 3689 divorticulum]
772 3636 1047 3680 Diverticulum
1069 3647 1125 3680 est
1145 3639 1276 3679 semita
1293 3637 1492 3679 deflectens
1510 3640 1532 3679 a
1551 3640 1607 3680 via
1623 3641 1775 3693 publica
1797 3643 1843 3683 ad
1863 3644 1985 3686 villam
2003 3646 2169 3700 alicujus.

103 3690 284 3748 ,Divertic
363 3702 449 3735 suut
466 3702 678 3734 transversae
693 3693 773 3732 vite.

1729 3743 1762 3786 P

2081 3102 2172 3152 quid
2220 3104 2224 3107 ’
