2340 3964
742 191 744 194 ’
801 184 1296 243 TERENTIANAE
1412 173 1416 182 ’
1999 154 2002 155 ἢ
2098 201 2244 258 cxvi,

187 335 308 387 locis
332 348 520 390 versum
549 348 699 382 unum
731 342 1005 399 corruptum
1026 344 1158 393 esse3
1194 345 1307 381 eum
1326 328 1394 381 sic
1415 330 1578 398 leges:
1610 331 1756 400 Atque
1779 335 1911 388 hune

187 399 436 467 approbare
448 417 641 466 gregem,
664 410 707 446 et
714 402 926 458 fabulam
944 420 958 446 .-
992 402 1044 448 in
1065 400 1304 447 crastinum
1324 415 1403 447 vos
1421 414 1556 448 voco.
1606 401 1746 450 Quod
1764 403 1912 451 miror

186 465 220 515 d.
236 465 854 528 mille-,animadversum
887 466 1046 514 fuisse.
1111 465 1173 513 At
1193 464 1349 512 isthuc
1364 464 1582 523 fabulam
1602 467 1909 530 dissyllabice

183 521 486 597 pronunciari
505 531 668 588 debet,
704 548 767 580 ex
794 532 970 596 regulis
991 538 1041 579 et
1062 529 1297 594 exemplis
1320 530 1534 594 superius
1557 534 1748 596 positis.·
1801 534 1911 596 (3aess

39 596 108 659 ΨΑ
185 606 291 657 tort
307 595 436 646 bene
452 596 723 662 procedent.
770 598 826 645 In
848 610 1061 646 extremo
1081 611 1216 642 versu
1239 595 1474 642 Asinariae
1498 611 1576 644 est
1591 599 1733 646 etiarn
1752 615 1907 649 error:

185 660 312 713 Nam
342 663 604 712 ille-versus
627 680 687 712 ex
718 663 985 712 Trochaico
1006 660 1220 725 legitimo
1241 658 1395 707 factus
1415 670 1486 709 est
1505 666 1775 713 octonarius
1796 665 1909 714 viti-

181 739 294 776 osus
313 727 500 776 duobus
522 729 654 777 locis.
722 729 799 776 Sic
821 729 967 776 habet
982 744 999 775 :.

313 792 482 842 Remur
501 797 734 857 impetrari
746 809 890 858 posse,
911 796 952 841 si
963 794 1175 856 plausum
1196 791 1264 838 sic
1283 791 1453 839 clarum
1475 791 1615 842 datis.

246 859 328 908 Sic
347 869 511 909 autem
532 862 614 908 ille
634 858 941 908 scribendus:
1384 874 1392 875 ’

310 925 478 974 Remur
497 929 731 989 impetrari
742 939 886 988 posse,
903 925 948 972 εἰ
957 924 1168 987 plausum
1188 923 1362 970 clarum
1382 922 1522 970 datis.

191 1020 194 1022 -
247 989 442 1047 Caeteri‚
476 993 558 1056 qui
591 989 621 1037 a
691 1005 804 1056 rege
825 989 1209 1054 pronunciantur,
1247 995 1297 1036 et
1318 988 1445 1036 hunc
1467 986 1763 1053 praeeedunt,
1796 1001 1907 1039 sunt

182 1057 435 1105 certissimi
457 1057 636 1105 trocha'
688 1091 700 1104 .

248 1121 375 1177 Haee
395 1123 561 1187 paucis
580 1120 790 1186 quidem,
812 1117 910 1176 sed,
935 1128 987 1167 ut
1004 1136 1157 1184 spero,
1181 1136 1240 1168 ea
1258 1119 1371 1169 satis
1389 1119 1565 1168 fuerint
1580 1120 1640 1168 ad
1660 1120 1744 1167 illa
1764 1119 1908 1170 intel·-

179 1185 388 1251 ligendae
424 1201 534 1251 quae
566 1187 618 1234 in
649 1186 835 1234 caeteris
856 1185 1067 1234 Terentii
1091 1185 1265 1234 fabulis
1285 1185 1429 1250 paulo
1454 1184 1752 1250 impeditiora
1771 1187 1907 1236 vide-

181 1251 377 1311 buntur.
446 1253 616 1316 Neque
642 1250 758 1301 vero
792 1250 907 1300 mibi
932 1251 991 1298 ad
1015 1251 1307 1300 credendum
1329 1251 1525 1300 difficile
1549 1260 1638 1306 est,
1670 1268 1779 1316 quae
1803 1252 1906 1301 dixi

177 1313 471 1379 mod-&famu
502 1333 566 1366 ex
589 1334 725 1382 aequo
747 1318 966 1366 omnibus
987 1319 1238 1381 probatum
1262 1317 1348 1378 iri3
1386 1316 1466 1365 sed
1491 1317 1548 1365 ad
1572 1327 1654 1366 eos
1675 1333 1898 1384 provoco,

177 1381 261 1451 qui
281 1382 538 1453 scriptores
562 1386 780 1448 antiquos
804 1385 929 1432 bene
955 1398 1011 1433 ac
1034 1384 1289 1449 diligenter
1310 1384 1530 1450 legerint.

436 1554 1062 1625 DANIELIS
1106 1543 1724 1637 ,HEINSIL

176 1706 272 1756 AD
303 1705 582 1756 HORATII
625 1707 716 1755 DE
758 1707 1022 1755 PLAUTO
1061 1707 1150 1756 ET
1186 1705 1525 1756 TERENTIO
1555 1707 1587 1756 J
1591 1706 1899 1766 UDICIUM,

816 1790 1268 1840 DISSERTATIQ
1862 1817 1864 1826 ν

368 1917 436 1968 At
453 1921 597 1967 nostri
609 1920 778 1982 proavi
795 1918 1043 1973 Plautinos,
1068 1927 1110 1964 et
1130 1932 1348 1973 numero-3,
1371 1928 1416 1965 et

365 1986 633 2034 Laudavere
653 1987 798 2039 sale-55
830 1983 1020 2030 nimiam
1034 1984 1260 2046 patienter
1281 1993 1523 2048 utrumque,

369 2052 443 2100 Ne
465 2051 617 2099 dicam
637 2050 780 2105 stulte',
802 2051 960 2096 mirati
973 2068 988 2094 .-
1021 2052 1061 2095 .εἰ
1083 2049 1216 2096 modo*
1238 2065 1322 2111 ego
1344 2060 1385 2096 et
1408 2066 1484 2098 vos

370 2116 545 2165 Scimus
562 2116 826 2166 inurbanum
847 2115 995 2177 lepido
1017 2128 1221 2178 seponere
1240 2116 1378 2171 dicto,

367 2183 723 2246 Legitimumque
742 2197 893 2228 sonum
915 2180 1076 2244 digitis
1096 2181 1306 2228 callemus
1327 2193 1371 2228 ec
1393 2198 1514 2230 aure.

238 2266 484 2318 DURUM
519 2269 739 2334 equidem
757 2267 1008 2330 judicium,
1044 2277 1095 2314 et
1117 2266 1243 2332 quod
1264 2283 1361 2315 non
1385 2284 1528 2316 nemo
1554 2267 1649 2317 hac
1673 2276 1814 2318 aetate
1838 2270 1899 2319 de

174 2335 393 2398 leporum
414 2337 626 2384 omnium
648 2344 865 2400 parente,
884 2349 1071 2381 summo
1091 2333 1271 2389 critico,
1309 2350 1366 2381 ac
1399 2335 1612 2383 maximo
1645 2327 1789 2398 poeta
1812 2353 1898 2384 ex-

175 2399 346 2448 cidisse
368 2401 547 2460 nollet3
583 2402 713 2463 cujus
746 2407 1096 2458 tamen'vernae
1119 2398 1288 2446 melius
1315 2398 1380 2446 de
1407 2400 1574 2447 Plauto
1599 2400 1896 2462 judicabant,
1961 2422 1967 2427 ·

173 2465 318 2531 quam
339 2465 420 2530 qui
443 2465 674 2514 familiam
697 2465 746 2513 in
767 2465 912 2514 literis
933 2465 1053 2514 tueri
1075 2462 1167 2512 hac
1192 2474 1333 2513 aetate
1356 2465 1626 2519 creduntur.
1695 2467 1787 2516 Qui
1805 2484 1898 2517 nec

118 2591 119 2594 Ἴ
174 2531 356 2586 saeculi,
390 2548 484 2596 quo
504 2533 642 2589 vixit,
678 2539 728 2579 et
749 2547 856 2595 quo,
893 2530 1004 2579 cum
1027 2532 1195 2594 poesis,
1218 2542 1318 2578 tum
1342 2530 1508 2579 Latina
1531 2532 1709 2597 lingua,
1734 2532 1794 2580 ad
1818 2550 1898 2582 su-

114 2598 117 2605 '
170 2613 394 2661 premum
418 2598 608 2646 culmen
630 2608 686 2646 ac
710 2596 951 2661 fastigium
975 2605 1140 2644 evecta
1162 2595 1269 2651 fuit,
1305 2598 1527 2661 ignorare
1553 2599 1706 2661 potuit
1722 2599 1898 2662 judici-

173 2678 255 2710 um
271 2676 295 2723 3·
314 2663 384 2710 vir
406 2671 579 2720 tantus,
604 2670 668 2718 et,
689 2662 811 2726 quod
836 2663 904 2709 rei
928 2670 1073 2726 caput
1095 2663 1310 2717 arbitror,
1335 2664 1647 2728 principibus,
1672 2665 1751 2728 qui
1776 2665 1899 2712 inter

170 2743 221 2776 sc
236 2727 444 2792 quotidie
466 2727 525 2776 de
548 2729 603 2776 iis
614 2728 912 2791 judicabant,
935 2725 1099 2774 intime
1119 2727 1363 2775 familiaris
1379 2744 1434 2774 ac
1453 2729 1647 2778 amicus.
1680 2732 1898 2794 Augusto

173 2802 348 2853 autem,
382 2795 564 2859 optimo
587 2793 885 2858 ingeniorum
899 2793 1064 2854 judici,
1100 2801 1202 2841 tam
1223 2802 1383 2856 gratus
1405 2802 1546 2858 atque
1569 2803 1806 2859 acceptus,
1843 2805 1898 2844 ut

170 2863 277 2908 noti⁷
294 2859 399 2908 raro
423 2860 736 2925 lepidissimus
761 2858 1015 2907 homuncio
1036 2859 1098 2905 ab
1122 2875 1180 2906 eo
1209 2859 1460 2914 diceretur,
1487 2872 1534 2906 et
1557 2877 1714 2924 quem,
1747 2861 1786 2908 si
1810 2858 1895 2909 a'n·

148 2940 151 2941 ⁷
171 2924 379 2990 tiquitati
400 2925 623 2975 habenda
639 2924 722 2973 hic
737 2923 870 2978 fides,
894 2924 1034 2972 etiam
1056 2924 1228 2972 habere
1246 2925 1306 2972 ab
1325 2925 1535 2988 epistolis
1553 2926 1750 2990 optavit.
1801 2927 1897 2979 Qui

171 2989 283 3038 cum
315 2991 482 3041 contra
516 2993 637 3040 tanti
671 2991 881 3040 Terentii
916 2989 1081 3038 fecerit
1113 2989 1328 3046 fabellas,
1364 3000 1415 3038 ut
1447 2999 1496 3039 et
1525 2991 1731 3057 integras
1753 3008 1815 3040 ex
1838 2993 1897 3040 iis

172 3049 324 3119 ῥήσεις
355 3056 675 3122 descripserit,
716 3065 765 3104 et
796 3055 972 3120 ubique
1008 3056 1353 3112 accommodet,
1388 3057 1474 3104 soli
1506 3055 1710 3121 denique
1745 3068 1895 3106 artem

171 3120 349 3188 tusbuat
363 3139 379 3183 3
404 3123 606 3171 hominis
628 3119 826 3178 αὐθάδεις
848 3121 1005 3186 potiris
1028 3120 1170 3186 quam
1193 3120 1360 3170 eruditi
1385 3130 1523 3177 esset,
1559 3123 1624 3170 ita
1647 3122 1896 3170 dissentire
1964 3181 1967 3183 ‚

173 3182 204 3231 a
224 3193 360 3235 tanto
379 3188 496 3244 vii-0,
518 3199 570 3236 ut
590 3205 650 3238 ne
668 3204 881 3238 caussam
899 3187 1087 3251 quidem
1108 3186 1238 3252 prius
1261 3188 1643 3252 cognoscendam
1666 3188 1892 3236 crederet.

174 3249 333 3299 Quare
351 3252 595 3303 videamus
619 3255 802 3310 saltem,
827 3252 939 3318 quid
965 3252 1137 3300 adferri
1162 3269 1250 3317 pro
1270 3265 1470 3317 utroque
1493 3255 1655 3317 possit.
1725 3254 1799 3300 Ne
1819 3253 1894 3300 vel

171 3313 331 3365 Flacci
347 3317 579 3379 judicium
604 3319 650 3366 in
674 3329 931 3384 posterum,
963 3328 1019 3366 ut
1040 3319 1204 3375 solent,
1231 3327 1311 3366 aut
1333 3319 1611 3367 Terentium
1635 3318 1796 3366 secure
1817 3320 1893 3366 ni-

99 3405 103 3409 -
171 3379 324 3430 mium
346 3382 569 3432 damnare
593 3385 780 3448 quidam
806 3395 1008 3449 pergant
1029 3385 1077 3432 in
1101 3383 1352 3432 comoediai.
1421 3385 1598 3432 Omnia
1626 3394 1781 3431 autem
1806 3400 1894 3448 pro

171 3444 358 3497 Horatii
385 3447 580 3510 judicio,
615 3451 693 3514 qui
716 3449 936 3497 Plautum
958 3450 1028 3498 sic
1047 3460 1274 3504 amamus,
1300 3460 1350 3497 ut
1371 3448 1396 3496 e
1422 3449 1639 3495 manibus
1659 3450 1892 3497 rarissime

170 3519 390 3575 putemus
422 3511 768 3578 deponendum,
798 3515 1015 3563 dicentur
1035 3513 1188 3580 potius
1213 3514 1353 3579 quam
1379 3523 1552 3561 nostro.
1619 3515 1693 3562 Ac
1717 3514 1775 3563 de
1800 3530 1891 3563 nu-

167 3578 310 3625 meris
330 3576 522 3642 quidem
542 3580 770 3628 nonnulla
790 3578 1033 3634 Donatusi
1069 3579 1164 3644 qua
1184 3582 1326 3628 etiam
1350 3581 1399 3626 in
1417 3590 1549 3643 parte
1573 3579 1699 3627 haud
1722 3580 1893 3644 parum

170 3644 406 3693 veteribus
439 3644 676 3693 nonnullis
696 3645 878 3712 placuit
899 3647 1164 3694 Terentius·
1231 3645 1407 3694 Rufino
1435 3644 1627 3708 quidem
1652 3661 1890 3711 gramma·

170 3707 280 3764 tico,
305 3709 415 3760 cum
433 3710 582 3774 inquit
597 3727 608 3758 ε
