2352 3952
796 178 1274 235 TERENTIANA.

791 328 918 376 Idem
934 327 999 375 ad
1021 329 1268 376 Paulinum.

249 418 406 466 Habet
428 416 804 479 unumquodque
822 415 1114 479 propositum
1132 413 1368 477 principes
1388 428 1513 460 suos.
1569 411 1771 459 Romani
1798 412 1889 461 du·

179 500 257 532 ces
281 486 528 533 imitentur
562 479 806 539 Camillos,
833 483 1091 540 Fabricios,
1115 481 1340 543 Regulos,
1368 480 1639 544 Scipiones:
1676 479 1891 526 Philoso-

178 551 259 613 phi
298 558 564 614 proponant
596 551 682 597 sibi
720 551 1050 613 Pythagoram,
1075 548 1338 603 Socratem,
1364 547 1629 604 Platonem,
1658 546 1890 594 Aristote-

177 619 296 664 lem:
336 624 488 681 poetae
522 618 805 665 aemulentur
842 617 1120 668 Homerum,
1139 613 1411 677 Virgilium,
1436 611 1774 673 Menandrum,
1797 615 1890 660 Te·

177 694 398 732 rentium.
1874 690 1875 693 ’

589 792 778 838 Paucos
801 785 1129 849 Onoswsjlib.
1152 785 1236 834 IV.
1259 798 1359 849 cap.
1381 784 1483 833 xix.

242 879 403 943 Scipio
419 880 519 942 jam
548 887 855 941 cognomento
889 873 1159 930 Africanus,
1195 871 1493 935 triumphans
1524 873 1688 920 urbem
1716 873 1892 935 ingres-

173 961 251 993 sus
284 956 371 1004 est,
397 963 536 1009 quem
561 945 819 1000 Terentius,
843 941 922 1005 qui
953 950 1115 1006 postea
1138 940 1379 1002 Comicus,
1412 955 1473 986 ex
1507 939 1746 987 nobilibus
1776 941 1890 987 Car-

176 1013 519 1076 thaginensium
539 1011 735 1074 captivis
754 1010 975 1073 pileatus,
995 1008 1123 1073 quod
1141 1006 1445 1060 indultae'xibi
1466 1007 1698 1054 libertatis
1715 1007 1891 1070 insigne

110 1080 112 1082 ’
175 1080 283 1138 fuit,
308 1079 678 1143 triumphantem
704 1086 807 1142 post
825 1091 1020 1123 currum
1043 1083 1235 1123 secutus
1257 1082 1346 1122 est.

239 1186 413 1238 Livius,
435 1184 509 1231 lib.
530 1183 694 1230 XXX.
718 1200 804 1230 non
831 1182 1057 1230 Comicum
1085 1181 1198 1228 hune
1216 1179 1419 1243 intelligi,
1441 1178 1520 1226 sed
1538 1179 1602 1226 ad
1640 1179 1891 1226 Terentium

175 1251 427 1313 Culleonem*
437 1260 674 1297 senatorem
693 1250 820 1296 Rom.
838 1251 987 1306 refert,
1003 1249 1082 1311 qui
1093 1247 1220 1310 pileo
1240 1245 1385 1308 capiti
1404 1246 1623 1307 imposito,
1643 1252 1811 1290 secutus
1831 1254 1892 1290 esc

171 1314 423 1376 Scipionem
444 1314 780 1376 triumphantem
795 1331 810 1358 .-
842 1313 960 1360 certe'
981 1313 1036 1360 de
1066 1314 1280 1360 alterutro
1314 1310 1591 1365 Quintiliani
1617 1310 1750 1357 etiam
1771 1309 1892 1356 locus

170 1377 226 1426 ex·
243 1380 445 1427 Declam.
469 1379 558 1427 IX.
578 1380 884 1443 intelligendus
901 1390 977 1426 est.
1044 1376 1437 1440 Lindenbrogius.

589 1504 820 1552 Sinonius
845 1504 1144 1560 Aeonum&
1185 1499 1333 1549 Carm.
1353 1499 1471 1548 XX.

237 1594 362 1648 Quid
380 1610 456 1641 vos
477 1594 645 1657 eloquii
665 1610 823 1640 canam
845 1591 1019 1646 Latini,

233 1659 448 1722 Arpinas,
473 1660 704 1713 Patavina
727 1659 996 1712 Mantuane,

231 1725 293 1771 Et
315 1735 359 1770 te
384 1723 563 1770 Comica
585 1726 663 1787 qui
683 1724 823 1777 doces,
851 1722 1041 1776 Terenti,

233 1789 295 1835 Ee
316 1800 360 1835 te
378 1792 570 1851 temp0re
591 1790 669 1852 qui
687 1799 809 1834 satus
828 1803 989 1841 severo,

237 1854 419 1909 Graios,
445 1854 639 1901 Plautel
671 1855 783 1900 sales
801 1854 947 1916 lepore
967 1852 1134 1899 transis
1150 1853 1176 1897 ,θ

546 1977 764 2026 Rufinus
787 1976 1152 2026 Gaammxricus
1178 1976 1500 2026 Antiochensis.

231 2062 428 2127 Agnovit
447 2075 648 2120 metrum,
671 2073 899 2126 servatque
927 2063 1150 2111 Terentius
1169 2070 1306 2107 artem
1319 2077 1337 2114 ,·

229 2129 350 2176 Nam
366 2132 578 2193 prologos
594 2132 793 2176 trimetro
814 2128 982 2175 didicit
1001 2140 1258 2190 componere
1278 2141 1421 2180 versu,

232 2193 557 2259 Scenarumque
576 2205 702 2242 actus
713 2196 885 2257 primos
898 2193 1016 2256 pede
1037 2192 1212 2238 claudit
1232 2191 1396 2238 eodem.

408 2317 617 2365 Smwms
638 2319 688 2364 in
710 2315 828 2364 illud
849 2316 926 2362 lib.
950 2313 987 2361 Ι.
1018 2314 1205 2363 AEneid.
1224 2313 1423 2362 Talibus
1446 2312 1644 2363 incusat.

233 2401 490 2451 Sciendum
529 2411 617 2459 est,
652 2401 945 2458 Terentium,
970 2407 1164 2464 propter
1186 2400 1335 2447 solam
1364 2399 1715 2463 proprietatem,
1737 2403 1886 2451 omni-

166 2471 254 2517 bus
277 2470 484 2517 Comicis
515 2487 612 2517 esse
649 2469 991 2534 praepositum;
1025 2468 1200 2530 quibus
1233 2475 1320 2527 est,
1354 2475 1587 2530 quantum
1622 2470 1683 2516 ad
1714 2479 1887 2519 caetem

162 2545 361 2599 spectat,
385 2537 593 2584 inferior.

680 2644 760 2692 Fi..
781 2642 1055 2691 Sosrexrssa
1075 2641 1352 2691 CHAmsws.

220 2728 357 2793 'Hom
380 2737 435 2779 ut
466 2731 533 2780 ait
556 2732 712 2779 Varro
737 2731 796 2777 de
818 2729 988 2777 Latino
1017 2720 1356 2786 sermone,'lib.
1378 2746 1424 2779 v.
1449 2730 1570 2781 nulli
1595 2730 1676 2778 alii
1699 2746 1884 2796 servare

163 2798 387 2844 convenit
411 2798 553 2862 quam
587 2798 798 2845 Titinnio
822 2806 870 2844 et
902 2796 1140 2844 Terentio.
1185 2794 1321 2859 Ποίθη
1346 2795 1459 2845 vero
1483 2798 1686 2859 Trabea,
1709 2799 1881 2862 inquit,

162 2873 211 2911 et
234 2865 425 2912 Attilius
447 2875 494 2913 et
519 2866 740 2915 Caecilius
763 2862 903 2911 facile
931 2870 1189 2910 moverant.

579 2990 764 3039 Ismon.
795 2990 968 3053 Origin.
993 2988 1070 3036 lib.
1088 2988 1126 3036 Ι.
1149 3002 1248 3052 cap.
1275 2989 1444 3037 xxxix.

228 3075 433 3125 Fabulas
468 3082 621 3141 poetae
645 3078 872 3143 quasdam
898 3077 1164 3124 delectandi
1198 3074 1342 3124 causa
1366 3077 1624 3141 finxerunt,
1650 3077 1877 3140 quasdam

161 3143 222 3189 ad
241 3154 432 3191 naturas
450 3160 624 3200 rerum,
642 3145 894 3192 nonnullas
916 3144 977 3191 ad
996 3159 1150 3191 mores
1166 3145 1409 3201 hominum
1431 3143 1726 3207 interpretati
1750 3152 1877 3192 sunt.

164 3209 450 3278 Delectandi¹
472 3215 613 3258 causa
638 3213 782 3269 fictas,
811 3220 865 3259 ut
888 3227 965 3258 eas
989 3227 1104 3274 quas
1127 3207 1270 3274 vulgo
1293 3211 1473 3267 dicunt,
1497 3211 1572 3258 vel
1596 3226 1713 3276 quas
1738 3211 1878 3258 Plau-

163 3285 236 3323 tus
253 3285 300 3323 et
321 3278 569 3327 Terentius
588 3287 974 3342 composuerunt.

153 3401 214 3469 In
238 3358 420 3467 antiquo
444 3402 552 3450 cod.
571 3405 681 3452 Mss.
704 3405 751 3450 in
776 3400 1061 3450 Bibliotheca
1082 3400 1227 3464 Regis
1247 3400 1370 3451 Gall.
1390 3400 1618 3465 multisque
1632 3399 1742 3448 aliis
1755 3397 1874 3446 Mes.

223 3468 374 3515 Natus
395 3471 445 3514 in
461 3471 642 3516 excelsis
655 3469 782 3515 tectis
799 3468 1087 3531 Carthaginis
1102 3468 1205 3514 altoe
1258 3487 1261 3490 ’

287 3533 504 3580 Romanis
525 3533 707 3581 ducibus
729 3534 887 3580 bellica
907 3532 1170 3594 praedafui.

224 3597 457 3660 Dese-»ipsi
478 3614 614 3645 mores
634 3599 868 3651 honiinum,
874 3599 1185 3660 juvenumque,
1207 3609 1450 3659 senumque,

290 3664 492 3716 Qualiter
513 3673 555 3710 et
575 3664 692 3711 servi
713 3663 942 3725 decipiant
961 3661 1189 3726 dominos.-
1304 3727 1340 3772 b

1365 3732 1394 3772 2

355 3853 517 3907 *θ

2134 188 2226 248 xiii
