2314 3944
129 282 256 334 Heus,
294 280 546 333 Nausistrata,
587 281 709 336 prius·

131 351 247 392 quam
262 335 352 378 huic
365 337 511 377 subito
501 337 708 389 incogitans

129 390 366 445 respondeas,
395 391 479 430 audi
505 403 580 428 me.
631 389 710 429 Na.

131 443 240 489 Quid
266 444 347 484 est?
393 443 464 482 ΡΙι.
489 441 573 495 Ego
588 442 710 482 minas

129 499 288 561 triginta
321 509 388 550 per
417 496 544 535 dolum
576 497 600 534 ὲ
631 509 709 535 ma-

126 551 204 594 rito
243 560 311 590 tuo
353 550 561 601 expiscatus
598 563 706 589 sum:

131 618 196 645 eas
223 604 307 644 dedi
335 613 402 641 tuo
432 602 533 650 filio;
576 603 607 641 is
639 616 709 655 pro

127 658 199 698 sua
248 656 366 695 amica
415 655 544 695 lenoni
593 657 708 695 dedit.

132 711 208 751 Ch.
230 709 348 756 Hem,
374 709 466 760 quid
490 709 576 748 ais?
630 709 709 749 Na.

89 779 92 796 1
127 763 287 803 Adeone
305 723 399 800 hoeq
395 762 645 811 malefactum,
669 772 709 802 et

126 829 237 868 grave
281 815 458 854 delictum
497 825 621 868 putas,
673 817 706 857 si

126 869 228 910 filius
241 869 452 908 adolescens
465 867 580 918 habet
593 882 706 909 unam

123 922 300 969 amicam,
326 923 435 962 cum
479 931 524 961 tu
570 935 705 962 uxores

123 975 218 1014 duas
244 975 408 1015 habeas?
448 974 543 1014 nihil
570 986 611 1014 te
634 990 705 1028 pu-

122 1028 214 1081 det.
204 1029 221 1055 ἶ*
249 1030 322 1080 qua
344 1028 467 1067 fronte
490 1029 596 1068 illum
622 1029 702 1068 cul-

120 1093 185 1175 Eiae
200 1095 352 1174 arguDes.
342 1081 358 1107 ²
412 1081 613 1134 Responde
630 1085 703 1122 mi-

154 1149 180 1174 ι.
379 1134 508 1181 Faciet
546 1144 593 1175 ut
629 1137 701 1176 tibi

119 1136 308 1229 libueritD
309 1149 414 1233 ΒΜ.
441 1187 526 1228 Imo
549 1190 630 1240 jam
660 1198 704 1229 ut

122 1255 202 1282 non
220 1243 368 1294 ignores
391 1243 483 1294 quid
500 1243 704 1283 constitue-

121 1296 196 1343 tim
222 1295 366 1335 facere:
396 1309 518 1347 neque
543 1310 614 1348 ego
641 1311 703 1335 ve-

118 1349 224 1387 niam
250 1349 318 1396 do3
361 1363 484 1401 neque
511 1349 590 1388 ullo
617 1363 703 1402 pro-

119 1402 238 1446 misso
255 1407 316 1441 me
333 1402 461 1455 obligo
475 1420 486 1450 3
506 1415 628 1454 neque
643 1417 702 1443 re·-

117 1467 256 1508 aponso
288 1456 377 1507 quid
404 1470 490 1495 uam
520 1470 700 1505 assevero,

116 1509 334 1561 priusquam
357 1509 384 1547 fi
399 1510 476 1548 ium
503 1522 629 1571 meum
646 1511 701 1549 vi·-

116 1562 221 1600 dero.
235 1561 336 1600 Eum
345 1562 522 1600 arbitrum
531 1564 700 1610 omnium

45 1657 49 1662 ,
116 1615 448 1655 controversiarum
468 1615 576 1654 facio.
597 1617 698 1668 quod

111 1667 299 1719 judicabit
332 1676 454 1707 ratum
497 1667 619 1708 habeo
658 1680 698 1715 et

116 1721 358 1760 confirmabo.
447 1722 519 1760 Ph.
570 1721 695 1775 Sapis,

114 1772 368 1822 Nausistrata,
410 1783 451 1814 et
480 1776 580 1815 recte
610 1789 699 1815 cen-

114 1839 188 1867 ses.
229 1829 332 1867 Να.
373 1825 524 1867 Satisne
558 1829 596 1867 id
626 1830 696 1869 tibi

115 1877 192 1926 hoc
219 1889 290 1928 est,
317 1890 428 1931 atque
450 1895 496 1919 ex
519 1883 696 1934 aequitate

114 1935 391 1980 constitutum?
421 1935 493 1978 1212.
512 1933 596 1973 Imo
615 1938 698 1975 vero

114 1989 264 2040 egregie
300 1995 340 2026 et
372 1986 533 2036 abunde,
570 2002 699 2041 supra-

112 2051 195 2092 que
206 2053 358 2080 omnem
384 2052 489 2094 spem
515 2042 603 2080 satis
621 2041 698 2083 fac·

113 2102 199 2134 tum
234 2102 315 2140 est;
358 2094 481 2146 itaque
515 2094 623 2134 laetus
655 2105 696 2135 et

113 2156 315 2187 contentus
332 2145 423 2185 hinc
439 2148 545 2186 abeo.
616 2149 695 2191 Na.

113 2199 177 2239 Tu
211 2202 297 2239 vero
338 2201 398 2240 dic
443 2199 554 2247 mihi,
621 2202 697 2241 uod

111 2253 184 2292 tibi
211 2267 350 2293 nomen
373 2254 457 2293 est?
513 2229 585 2294 P’h.

111 2303 232 2346 hine?
261 2304 438 2346 Phormio
465 2319 603 2346 nomen
625 2317 694 2357 est,

114 2359 269 2399 familiae
305 2368 435 2398 vestrae
469 2361 619 2410 quidem
655 2375 695 2400 a·

113 2414 251 2461 micus,
296 2421 338 2452 et
369 2421 438 2452 tuo
473 2413 552 2452 filio
586 2412 695 2454 Phoe-

90 2482 99 2485 s
113 2467 206 2507 driae
235 2466 492 2506 amicissimus.
537 2467 613 2506 Να
641 2467 695 2508 At

115 2533 204 2573 ego,
218 2517 412 2567 Phormio,
426 2533 492 2571 per
502 2518 693 2571 Castorem

112 2571 286 2636 posthac,
318 2573 378 2612 tui
413 2573 535 2620 causa,
573 2575 695 2626 quoad

109 2626 192 2676 ejus
221 2634 367 2678 potero,
393 2634 432 2665 et
458 2640 544 2678 quae
568 2636 690 2680 petes,

109 2678 320 2731 faciamque
349 2687 387 2718 et
417 2679 549 2718 dicam.
617 2682 690 2720 Ph.

111 2729 264 2774 Prolixe
310 2740 349 2770 et
392 2732 592 2777 liberaliter
641 2734 695 2773 lo-

113 2786 254 2838 queris.
307 2786 385 2825 Να.
413 2783 486 2824 Per
504 2784 693 2826 Pollucem

114 2839 164 2878 ad
190 2837 263 2876 hoc
289 2839 462 2877 meritum
494 2849 602 2878 tuum
633 2854 694 2879 me

113 2891 280 2930 adducit.
315 2892 387 2930 Pl..
401 2889 516 2930 Visne
530 2893 694 2943 primum

115 2942 231 2984 hodie
242 2943 376 2991 facere,
393 2945 555 2996 quodmi
546 2944 597 2983 1hi
611 2959 695 2998 per-

114 3005 264 3050 gratum
289 2998 377 3045 erit,
412 3006 451 3035 et
474 2998 590 3036 oculis
617 3013 694 3038 ma-

114 3052 180 3091 riti
226 3051 284 3089 tui
334 3050 534 3090 molestum
583 3061 695 3102 atque

112 3104 287 3156 aegrum?
343 3104 420 3143 Na.
433 3102 581 3167 ‘Cupim
617 3106 694 3144 Ph.

754 136 814 194 P.
846 130 1198 211 TERENTII
1239 133 1604 211 PHORMlO.

759 273 927 346 HeuS,
961 278 1291 345 Nausistrata,
1326 279 1464 350 prius
1498 283 1652 364 quam
1674 282 1797 341 huic
1819 287 2086 360 respondes
2106 298 2191 345 te·-

905 352 1061 418 mere,
1084 352 1220 404 audi.
1295 350 1401 404 Να.
1437 354 1562 422 quid
1582 357 1690 409 est?
2245 379 2247 382 ·

763 423 865 478 Ph.
897 422 1032 550 Eglo·
1051 424 1216 478 minas
1243 423 1452 495 triginta
1474 425 1539 478 ab
1566 423 1664 480 isto
1687 445 1777 509 per
1798 431 2048 486 fallaciam
2072 433 2189 487 abs-

901 505 958 548 tu
982 515 999 548 1

759 566 862 621 Eas
887 567 1005 693 diedi
1032 577 1122 622 tuo
1143 578 1328 639 gnato·
1312 606 1331 636 ,
1367 567 1411 621 is
1443 586 1536 640 pro
1569 570 1660 623 sua
1692 571 1858 631 amica
1888 573 2061 630 lenoni
2097 576 2187 628 de-

937 636 977 694 rt
2115 653 2186 699 bf)

765 710 863 767 Ch.
899 711 1062 779 Hem,
1097 710 1220 782 quid
1243 711 1352 764 ais?
1429 711 1533 769 Na.
1570 707 1748 767 adeon'
1789 713 2055 788 indignum
2092 718 2186 780 tibi

900 784 1112 848 videtur,
1148 781 1282 835 filius

759 855 951 920 Homo
959 856 1249 909 adolescens
1266 871 1422 910 unam
1442 857 1484 910 si
1506 849 1659 910 habet
1677 856 1913 924 amicam,
1934 865 1992 928 tu
2008 877 2185 941 uxores

898 929 1048 980 duas?
1095 947 1109 957 ⁴

755 999 847 1067 Nil
881 1000 1105 1124 pudlere?
1144 1018 1245 1072 quo
1279 1017 1365 1053 ore
1400 1001 1550 1056 illum
1586 996 1905 1074 objurgabis?
1943 1003 2184 1083 responde

897 1090 972 1125 ml
1010 1091 1028 1124 1

756 1142 862 1201 De.
913 1144 1104 1209 Faciet,
1158 1156 1217 1197 ut
1251 1147 1403 1198 voles

896 1217 1024 1268 scias
1045 1218 1382 1272 sententiam:
2171 1263 2181 1275 .,

754 1286 940 1359 Neque
975 1305 1071 1357 ego
1106 1287 1345 1357 ignosco:
1397 1307 1562 1361 neque
1596 1289 1836 1370 promitto
1871 1269 2184 1361 quidquam·
2166 1327 2184 1353 ,

778 1415 786 1424 ,
896 1377 1063 1430 neque
1087 1361 1378 1430 respondeO,
2112 1366 2181 1430 55

755 1430 898 1484 Prius
934 1433 1089 1502 quam
1124 1442 1339 1501 gnatum
1374 1431 1537 1507 video.
1574 1431 1681 1503 ejus
1713 1431 1908 1504 judicio
1941 1426 2183 1502 permitto

891 1503 1100 1556 omnia·
1138 1505 1179 1556 is
1359 1526 1362 1530 ·

751 1575 906 1631 Quod
933 1573 1150 1642 jubebit,
1199 1575 1400 1630 faciam.

893 1647 1224 1701 Nausistrata.

752 1717 855 1772 Na.
882 1718 1043 1772 Satin'
1080 1718 1134 1771 id
1162 1728 1237 1771 est
1260 1717 1389 1771 tibi?
1440 1719 1545 1774 Ph.
1580 1719 1687 1774 imo
1706 1737 1823 1772 vero
1841 1716 2054 1789 pulchre
2077 1715 2182 1771 dis·

896 1791 1021 1843 cedo
1047 1799 1098 1843 et
1120 1789 1295 1861 probe,

748 1860 822 1915 Et
854 1871 1037 1931 praeter
1070 1881 1233 1931 spem.
1309 1861 1412 1914 Ν.α
1450 1871 1508 1916 tu
1543 1870 1706 1916 tuum
1723 1877 1911 1920 nomen
1936 1859 2019 1914 dic
2042 1857 2179 1930 quod

893 1944 983 1986 est.
1056 1933 1158 1987 Ph.
1187 1933 1368 1987 mihin'
1386 1935 1402 1984 ?
1442 1933 1713 2003 Phormio:
1766 1961 1770 1967 -

748 2002 942 2057 Vestrae
988 2004 1198 2058 familiae
1249 2005 1420 2058 hercle
1463 2005 1674 2071 amicuS,
1723 2014 1777 2058 et
1813 2012 1905 2061 tuo.
1945 2019 2209 2073 summus*

888 2077 1156 2143 Phaedriae.
2096 2080 2179 2127 60

750 2147 854 2202 Να.
895 2147 1154 2214 Phormio,
1214 2157 1268 2200 at
1308 2165 1404 2217 ego
1439 2156 1631 2201 ecastor
1663 2146 1874 2262 posthac
1908 2143 2006 2216 tibi
2040 2143 2177 2216 quod

889 2231 1080 2290 potero,
1106 2230 1157 2272 et
1179 2238 1293 2290 quae
1316 2221 1468 2285 voleS,

747 2290 1058 2362 Faciamque
1096 2302 1148 2346 et
1183 2292 1369 2346 dicam.
1442 2290 1549 2346 Ph.
1587 2288 1810 2362 benigne
1844 2267 1989 2344 dicis.
2065 2287 2170 2342 Na.

889 2366 977 2432 pol
1002 2364 1241 2416 meritum
1267 2372 1340 2417 est
1359 2371 1520 2421 tuum.

747 2435 850 2489 Ph.
887 2435 1006 2488 Vin’
1041 2435 1264 2504 primum
1302 2435 1452 2494 hodie
1487 2438 1668 2501 facere,
1706 2431 1842 2505 quod
1864 2448 1962 2502 ego
1982 2431 2174 2502 gaude·
2248 2479 2259 2490 ,,

888 2525 990 2572 am,
1014 2506 1341 2574 Nausistrata,
1383 2546 1392 2582 f

1501 1145 1607 1199 Na.
1643 1143 1749 1199 imo
1782 1154 1842 1198 ut
1876 1162 2047 1219 meam
2073 1132 2202 1243 jam·

1492 1576 1596 1630 Ph.
1645 1575 1831 1629 mulier
1879 1572 2076 1647 sapiens
2109 1559 2184 1642 ξε,

743 2578 818 2633 Et
841 2579 978 2650 quod
1001 2588 1092 2632 tuo
1112 2579 1218 2632 viro
1240 2578 1378 2631 oculi
1401 2577 1641 2631 doleant?
1693 2576 1798 2630 Na.
1823 2575 1991 2653 cupio.
2064 2573 2174 2631 Ph.

885 2669 970 2706 me
993 2652 1056 2715 ad
1080 2669 1283 2704 coenam
1307 2667 1446 2706 voca.

749 2723 852 2776 Na.
889 2722 983 2776 Pol
1005 2724 1122 2776 vero
1146 2741 1287 2776 voco,
1357 2722 1461 2777 De.
1497 2738 1670 2773 eamus
1701 2719 1835 2773 intro
1865 2717 2004 2790 hinc.
2082 2719 2170 2773 Ch.

888 2794 1007 2858 fiat:
1044 2796 1130 2858 sed
1155 2780 1246 2848 ubi
1267 2808 1342 2847 est
1364 2793 1616 2864 Phaedria,
2075 2796 2170 2866 65

745 2865 918 2920 Judex
953 2867 1156 2920 noster?
1231 2857 1335 2920 Ph.
1367 2865 1476 2936 jam
1508 2865 1595 2918 hic
1619 2865 1740 2919 faxo
1761 2861 1939 2924 aderit.
2008 2867 2060 2913 Ω,
2084 2879 2170 2917 vos

887 2941 1066 3015 valete,
1090 2949 1142 2992 et
1163 2939 1408 3012 plaudite.

1494 3005 1770 3075 Calliopz‘us
1789 3004 2026 3058 recensui.
2058 3020 2063 3025 ·

114 3157 178 3196 Ad
196 3168 337 3204 coenam
353 3170 413 3196 me
432 3157 559 3197 invita.
597 3158 674 3198 Na.
691 3157 762 3198 Per
778 3157 970 3201 Pollucem
986 3160 1074 3200 sane
1092 3171 1130 3200 te
1149 3161 1277 3200 invito.
1318 3157 1389 3201 De.
1406 3158 1509 3200 Hinc
1528 3157 1627 3198 intro
1641 3170 1780 3196 eamus.
1824 3154 1894 3196 Ch.
1912 3153 1970 3196 Ita
1986 3154 2073 3196 fiat·
2101 3153 2169 3196 sed

114 3210 181 3252 ubi
195 3220 252 3252 est
267 3198 436 3251 Phaedria
450 3211 600 3263 arbiter,
618 3222 658 3253 et
667 3212 785 3266 judex
800 3222 945 3256 noster.
938 3215 953 3239 ²
996 3216 1068 3255 Ph.
1084 3213 1181 3258 Mox
1197 3214 1352 3258 efficiam
1370 3223 1414 3256 ut
1429 3212 1563 3269 praesto
1579 3212 1643 3251 sit
1682 3208 1760 3248 Vos
1778 3209 1912 3258 valete,
1935 3220 1975 3249 et
1991 3208 2169 3269 plaudite

1592 3263 1796 3318 Calliopius
1811 3263 1992 3305 recensui.
