2314 3944
737 123 980 185 RUFUS·
1009 122 1106 183 Hl-
1182 119 1419 191 SCENA
1453 117 1527 174 11.

107 272 346 333 Hoecine
384 268 644 323 seculum?
681 268 716 319 ὂ
746 268 936 319 scelera
952 265 972 319 !-
1001 267 1041 319 ὃἼ
1053 278 1243 335 genera
1264 261 1535 333 sacrilega!

247 345 281 396 ὁ
303 341 566 395 hominem
585 338 803 409 impium
824 338 835 390 l
1219 378 1222 379 γ

112 415 202 471 Su.
220 414 332 473 Me
356 411 623 465 miseram!
667 411 908 481 quidnam
935 418 1026 473 est,
1049 407 1183 477 quod
1207 407 1280 459 sic
1303 407 1449 459 video
1473 405 1539 459 ti·-

249 481 448 537 midum
473 493 526 535 et
554 491 905 552 properantem
933 480 1156 532 Getam?

112 557 207 616 Ge.
243 557 418 613 Quem
445 573 609 625 neque
633 555 774 619 fides,
797 570 962 626 neque
979 549 1349 622 jusjurandum,
1374 564 1540 619 neque

248 629 354 679 ulla
377 626 723 680 misericordia
1147 656 1152 661 ›
1328 662 1330 666 x

107 699 382 770 Repressit,
406 717 579 768 neque
595 696 820 750 reflexit:
858 711 1023 765 neque
1043 693 1182 764 quod!
1191 702 1362 764 partus
1387 691 1539 745 insta-

213 767 216 770 ’
249 772 336 822 bat
357 773 531 840 prope,

110 840 220 904 Cui
259 842 458 895 miserae
505 840 713 909 indigne
756 856 847 909 per
891 837 998 890 vim
1044 836 1226 889 vitium
1273 834 1537 887 obtulerat.

257 913 346 967 Sc.
365 931 487 966 -non
512 911 743 981 intelligo
1477 913 1541 958 lO

111 985 271 1050 Sat-is„
299 1003 416 1055 quae
451 986 700 1053 loquatur..
778 981 867 1034 C'a.
905 979 1109 1050 propius
1151 980 1359 1031 obsecro
1393 996 1542 1032 acce-

252 1057 447 1119 damuS,
467 1054 703 1107 Sostrata.
778 1053 870 1106 Ge.
911 1051 994 1115 ah,
1350 1076 1353 1081 ·

112 1128 208 1182 Me
245 1126 516 1182 miserum!
555 1126 643 1177 vix
676 1143 796 1176 sum-
824 1141 1034 1194 compos
1072 1122 1248 1188 animi,
1285 1122 1355 1174 ita
1392 1121 1544 1175 ardeo

255 1197 530 1251 iracundia.
786 1255 788 1258 y

112 1268 262 1324 Nihil
286 1281 376 1333 est,
413 1269 554 1338 quod·
573 1266 768 1332 malim,
804 1267 958 1337 quam
981 1273 1142 1318 totam
1166 1263 1413 1318 familiam
1438 1264 1545 1318 dari

256 1340 386 1392 mihi
409 1341 631 1408 Obviissn',
736 1401 738 1403 v
794 1343 795 1346 Ἰ

114 1410 188 1465 Ut
211 1412 339 1464 iram
363 1412 496 1464 hanc
534 1412 588 1463 in
625 1428 708 1463 eos
733 1427 964 1462 evomam
987 1426 1214 1472 ornnem,
1249 1408 1374 1461 dum
1397 1407 1545 1478 aegri-

251 1484 375 1536 tudo
399 1483 511 1535 haec
538 1493 612 1534 est
634 1499 834 1534 recens:

110 1554 244 1608 Satis
280 1555 411 1607 mihi
436 1555 489 1606 id
511 1555 728 1606 habeam
763 1549 1017 1623 supplicii,
1053 1551 1176 1605 du‘m
1202 1550 1547 1604 illosuleiscar

254 1626 426 1678 modo.
1482 1627 1544 1674 15

113 1696 238 1750 Seni
262 1697 487 1749 animam
509 1695 735 1767 primum
772 1694 1122 1764 extinguerem
1157 1693 1270 1765 ipsi,
1307 1691 1395 1763 qui
1419 1693 1547 1747 illud

255 1769 490 1838 produxit
509 1769 671 1819 scelus
691 1788 705 1820 z

113 1839 251 1894 Tum
274 1850 443 1892 autem
469 1840 652 1908 Syrum
673 1838 1018 1908 impulsorem,
1035 1835 1165 1888 vah!
1204 1835 1385 1906 quibus
1399 1832 1547 1889 illum

254 1913 533 1964 lacerarem
552 1909 745 1962 modis!

115 1982 400 2036 Sublimem
427 1982 654 2034 medium
679 1981 901 2051 primum
925 1979 1213 2050 arriperem,
1233 1989 1284 2032 et
1304 1980 1468 2051 capite
1493 1980 1548 2032 in

175 2086 178 2088 -
257 2065 441 2106 terram
465 2063 765 2115 statuerem,

115 2124 192 2178 Ut
216 2127 420 2177 cerebro
444 2126 695 2194 dispergat
719 2125 850 2175 viam
871 2144 884 2175 z

117 2196 442 2257 Adolescenti
467 2195 562 2265 ipsi
586 2198 758 2252 oculos
782 2196 1059 2265 eriperem:
1095 2202 1210 2265 post
1230 2193 1346 2246 haec
1368 2193 1549 2263 praeci-

259 2267 418 2337 pitem
446 2267 647 2319 darem:
1475 2270 1548 2316 20

120 2338 343 2392 Caeteros
383 2357 605 2403 ruerem,
639 2336 860 2407 agerem,
900 2342 1146 2408 raperem,
1181 2337 1467 2404 tunderem,
1497 2346 1548 2388 et

259 2421 643 2480 prosternerem.

119 2481 223 2535 Sed
248 2500 384 2534 cesso
409 2482 505 2534 hoc
531 2484 666 2535 malo
690 2482 864 2533 heram
890 2480 1137 2550 impertiri
1161 2480 1411 2552 propere?
1458 2478 1547 2533 So,

262 2570 571 2606 revocemus,
643 2553 792 2606 Geta.
868 2554 967 2605 Ge.
1000 2552 1138 2617 hem,

121 2624 366 2695 Quisquis
388 2643 458 2689 eS,
476 2625 584 2676 sine
603 2642 702 2677 me.
765 2622 853 2677 Sc.
882 2641 979 2693 ego
1002 2641 1113 2676 sum
1141 2623 1380 2677 Sostrata.
1455 2622 1554 2677 Ge.

263 2696 351 2747 ubi
377 2713 435 2747 ea
456 2697 562 2747 est?
601 2706 652 2746 te
676 2696 839 2765 ipsam
860 2695 1102 2764 quaerito:

119 2766 200 2820 Te
233 2777 499 2837 exspecto:
537 2767 724 2837 oppido
742 2768 1021 2837 opportune
1040 2776 1090 2818 te
1115 2763 1342 2818 obtulisti
1365 2766 1441 2817 mi
1463 2765 1555 2815 ob-

261 2857 417 2902 viam,

121 2907 280 2962 Hera.
356 2910 446 2964 So.
472 2910 595 2979 quid
619 2912 728 2963 est?
766 2909 887 2979 quid
904 2909 1157 2979 trepidas?
1223 2908 1317 2959 Ge.
1342 2907 1431 2960 hei
1453 2906 1554 2960 mi-

265 2981 350 3033 hi!
430 2980 519 3035 So,
545 2982 668 3051 quid
693 2983 913 3045 festinaS,
938 2981 1011 3033 mi
1036 2980 1196 3032 Geta?
1482 2982 1552 3032 25

122 3051 366 3106 Animam
409 3055 594 3122 recipe.
685 3054 775 3106 Ge.
825 3053 1030 3122 prorsu'.
1122 3050 1213 3104 So.
1261 3049 1384 3121 quid
1408 3049 1558 3104 'istuc

267 3140 462 3190 prorsus
487 3142 607 3192 ergo
631 3126 732 3177 est?
812 3126 905 3177 Ge.
932 3122 1192 3194 periimus,
1269 3161 1271 3163 ·

124 3192 316 3245 Actum
362 3202 454 3247 est.
529 3195 618 3250 So,
659 3198 913 3265 eloquere,
955 3197 1161 3247 obsecro
1189 3203 1272 3259 -te,
1305 3193 1430 3264 quid
1473 3193 1555 3246 sit.

272 3265 366 3317 Ge.
397 3263 523 3332 jam.
602 3267 690 3320 Se.
728 3267 987 3337 quidjam,
1009 3266 1176 3319 Geta?

130 3333 223 3386 Ge.
262 3335 550 3390 AEschinuS.
608 3338 696 3392 So.
723 3339 842 3408 quid
868 3356 987 3407 ergo
1012 3338 1089 3389 is?
1150 3336 1245 3390 Ge.
1265 3336 1461 3388 alienus
1483 3344 1558 3387 est

269 3408 334 3457 ab
358 3412 526 3460 nostra
546 3409 756 3463 familia.
835 3409 923 3463 Se.
948 3409 1069 3462 hem
1091 3408 1100 3460 !

2047 128 2163 177 ,169

1590 259 1739 302 Hoeene
1765 271 1935 316 tempora
1963 265 2055 304 adeo
2086 279 2168 306 cor-

1591 327 1701 369 rupta
1727 319 1844 356 sunt?
1874 317 1911 358 Ο
1927 318 2084 358 crimina
2108 321 2169 359 in-

1591 370 1718 409 fanda!
1764 372 1789 410 ὁ
1827 379 1981 423 gentem
2021 372 2171 411 sacrile-

1590 423 1703 476 gam!
1732 423 1758 462 ὀ
1787 421 1980 462 hominem
2010 423 2173 476 impium

1589 474 1840 516 AEschinum!
1906 477 1970 516 So.
2008 474 2080 515 Me
2107 478 2173 516 in·-

1592 527 1841 568 fortunatam!
1884 530 2062 582 quidnam
2095 539 2168 577 est,

1594 583 1691 632 quod
1716 583 1770 620 sie
1791 582 1897 621 video
1919 583 2107 634 pavidum,
2131 592 2172 622 et

1592 634 1834 673 festinantem
1863 635 2029 675 Getam?
2099 635 2172 676 Ge.

1593 685 1720 730 Quem
1748 701 1870 739 neque
1896 688 1987 727 fides
2013 688 2111 736 data,
2129 696 2172 729 et

1593 740 1773 792 obligatio
1800 742 2023 792 juramenti„
2050 754 2175 793 neque

1592 792 1668 831 ulla
1698 795 1969 833 commiseratio
1997 795 2174 843 retinuit,

1593 859 1716 898 neque
1744 848 1926 885 revocavit
1950 848 1973 886 a
1998 847 2170 899 perfidia:

1593 911 1715 950 neque
1728 901 1828 950 quod
1842 909 1989 952 tempus
2005 900 2174 952 pariendi

1593 952 1813 991 imminebat
1838 955 2047 1006 proximum
2066 955 2176 1006 virgi-

1595 1006 1650 1051 ni,
1703 1019 1815 1055 quam
1868 1005 2029 1044 violarat.
2108 1006 2176 1046 So.

1595 1056 1687 1096 Non
1715 1059 1805 1097 satis
1831 1060 1939 1110 capio
1965 1072 2050 1110 quae
2072 1058 2175 1098 Geta

1594 1111 1701 1149 dicit·
1775 1111 1844 1154 Ca.
1885 1111 2176 1164 Appropinque-

1594 1178 1678 1203 mus
1705 1166 1826 1216 magis
1850 1177 1916 1203 oro
1944 1173 1998 1212 te,
2029 1164 2175 1204 Sostra-

1595 1227 1647 1257 ta.
1720 1217 1792 1256 Ge.
1835 1216 1900 1256 Ah
1939 1231 2000 1257 me
2050 1217 2179 1257 infeli·

1596 1271 1698 1309 cem!
1727 1271 1787 1308 vix
1816 1284 1900 1308 sum
1931 1279 2064 1322 potens
2095 1271 2177 1309 ani·

1595 1324 1665 1370 mi,
1709 1324 1761 1362 ita
1803 1324 1992 1362 iracundia
2030 1323 2177 1363 inflam-

1596 1385 1717 1414 matus
1733 1390 1830 1415 sum.
1858 1375 1968 1415 Nihil
1986 1386 2056 1424 est,
2075 1376 2178 1428 quod

1597 1431 1715 1481 magis
1737 1439 1879 1481 optem,
1906 1431 2017 1480 quam
2045 1442 2175 1468 omnes

1598 1495 1646 1522 ex
1692 1483 1764 1522 ista
1811 1481 1988 1521 Mitionis
2034 1481 2177 1522 famili&

1597 1533 1693 1574 mihi
1711 1536 1839 1575 obvios
1859 1534 1998 1582 afferri,
2023 1543 2067 1574 ut
2082 1536 2176 1574 iram

1597 1586 1694 1627 hanc
1711 1601 1862 1627 omnem
1879 1589 1919 1627 in
1933 1601 1996 1627 eos
2012 1601 2176 1640 egeram,

1597 1641 1687 1680 dum
1715 1640 1778 1679 hic
1807 1640 1911 1680 dolor
1937 1654 2043 1681 meus
2058 1654 2178 1680 novun

1599 1703 1678 1732 est:
1724 1707 1836 1746 poena
1865 1693 2052 1733 sufficiens
2079 1692 2194 1734 mihi·

1598 1747 1726 1794 fuerit,
1734 1747 1935 1786 dummodo
1949 1760 2050 1786 nunc
2063 1745 2180 1785 ultio-

1599 1813 1687 1839 nem
1714 1801 1760 1838 de
1785 1800 1859 1838 illis
1875 1813 2033 1839 sumam.
2085 1797 2179 1840 Seni
2256 1846 2258 1848 v

1599 1854 1695 1905 patri
1720 1853 1883 1905 primum
1914 1854 2026 1892 vitam
2057 1853 2179 1905 eripe-

1599 1919 1694 1953 rem,
1713 1907 1776 1958 qui
1797 1914 1874 1945 tam
1898 1902 2095 1945 scelestum
2118 1905 2180 1956 iu-

1598 1973 1730 1999 venem
1748 1961 1790 1998 in
1804 1959 1927 1997 lucem
1941 1959 2077 1998 edidit:
2096 1968 2179 1999 tum

1599 2021 1727 2051 autern
1754 2011 1783 2051 S
1807 2025 1887 2050 rum
1906 2012 2180 2063 instigatorem,
2207 2058 2211 2059 ⁷

1599 2064 1689 2103 vah!
1718 2027 1854 2116 quizus
1882 2065 1988 2104 illum
2011 2074 2182 2104 tormen·

1599 2119 1650 2157 tis
1675 2118 1911 2157 dilaniarem!
1952 2120 1993 2156 in
2017 2118 2181 2157 sublime

1600 2171 1738 2210 elatum
1758 2185 1823 2224 per
1836 2171 1999 2210 medium
2015 2171 2182 2223 corporis

1599 2225 1647 2263 ad
1673 2237 1734 2262 me
1764 2222 1964 2271 traherem,
1982 2232 2023 2262 et
2049 2224 2183 2276 pra-ci·

1601 2279 1719 2329 pitem
1752 2277 1791 2316 in
1820 2277 1942 2317 solum
1971 2277 2106 2316 durum
2137 2283 2184 2316 et

1601 2343 1772 2369 saxosum
1799 2330 2002 2377 allideretu,
2037 2331 2107 2376 sic,
2135 2337 2182 2370 ut

1602 2384 1680 2434 ejus
1721 2383 1914 2422 cerebrum
1953 2395 2020 2436 per
2060 2382 2185 2422 diver-

1602 2450 1658 2475 sas
1692 2445 1814 2490 partes
1855 2437 1925 2475 viae
1963 2443 2182 2487 spargatur.

1600 2490 1825 2529 adolescenti
1835 2489 1908 2541 ipsi
1917 2501 2083 2527 eruerem
2090 2501 2183 2527 ocu-

1601 2543 1680 2590 10³5
1700 2551 1830 2595 postea
1847 2541 2116 2594 praecipitarem
2131 2548 2182 2581 ex

1602 2595 1699 2635 alto:
1728 2595 1888 2646 reliquos
1915 2608 1961 2633 ex
1988 2593 2052 2633 illa
2067 2594 2182 2634 domo

1603 2649 1837 2701 projicerem,
1854 2646 2096 2698 impellerem,
2104 2647 2182 2686 dis-

1603 2700 1802 2746 traherem,
1816 2710 2069 2746 concuterem‚
2084 2709 2125 2738 et
2139 2701 2184 2739 in

1607 2763 1741 2793 terram
1762 2753 1978 2805 affligerem.
2019 2750 2095 2791 Sed
2111 2751 2186 2791 dif-

1607 2807 1734 2846 ferone
1752 2805 1851 2845 herae
1864 2806 1938 2845 hoc
1955 2804 2093 2844 malum
2107 2806 2186 2845 cito

1605 2861 1906 2899 communicare?
1935 2859 1997 2898 So.
2018 2857 2184 2897 Revoce-

1606 2927 1689 2952 mus
1703 2926 1790 2952 euru
1804 2924 2025 2952 currentem.
2071 2910 2183 2950 Geta.

1609 2966 1679 3005 Ge.
1714 2965 1832 3012 Hem,
1864 2965 2090 3017 quicumque
2120 2964 2183 3010 sin,

1608 3021 1689 3059 sine
1707 3033 1768 3058 me
1781 3018 1973 3064 festinare,
1988 3030 2036 3054 ne
2052 3030 2112 3054 me
2125 3029 2185 3054 re-

1607 3075 1699 3111 tine.
1767 3072 1832 3111 So.
1867 3069 1957 3122 Ego
1978 3083 2060 3107 sum
2094 3068 2192 3109 hem

1607 3134 1673 3164 tua
1699 3122 1873 3163 Sostrata.
1929 3122 1999 3160 Ge.
2019 3120 2188 3162 Ubinam

1609 3188 1682 3217 stas
1698 3179 1712 3216 ?
1734 3186 1773 3215 te
1788 3178 1904 3228 ipsam
1923 3175 2060 3225 ubique
2079 3185 2187 3227 peto,

1608 3241 1646 3269 tc
1665 3239 1841 3281 expecto:
1870 3227 1972 3266 valde
1991 3229 2191 3279 tempesti-

1610 3286 1654 3323 ve
1683 3294 1722 3321 te
1751 3280 1845 3321 mihi
1863 3281 2009 3319 obviam
2037 3280 2190 3329 dedisti,

1611 3335 1710 3374 hera.
1782 3335 1845 3373 So.
1889 3331 2079 3376 Quidnam
2113 3333 2188 3378 ribi

1610 3390 1692 3427 est?
1722 3387 1810 3438 quid
1831 3385 1994 3438 trepidus
2009 3387 2073 3425 es?
2113 3385 2188 3427 Ge.

1611 3440 1685 3480 Hei
1712 3439 1832 3479 mihi!
1886 3438 1951 3477 So.
1978 3437 2082 3482 Quid
2100 3451 2189 3492 pro-

1611 3507 1728 3546 peras,
1757 3493 1807 3531 mi
1834 3491 1958 3531 Geta?
2003 3492 2192 3533 Animum

127 3547 272 3601 collige.
330 3549 398 3588 Ge.
427 3548 606 3588 Omnino.
659 3551 721 3589 So.
751 3548 854 3593 Quid
873 3550 971 3589 istud
986 3551 1168 3588 omnino?
1226 3549 1297 3588 Ge.
1325 3547 1521 3590 Perusinis,
1539 3557 1661 3586 actum
1676 3555 1732 3584 est
1749 3546 1794 3584 dc
1812 3545 1932 3583 nobis.
1984 3545 2049 3584 Sm
2067 3543 2189 3583 Enar-

126 3613 180 3646 η,
195 3615 336 3652 quaeso,
355 3616 524 3652 quaenam
544 3617 602 3641 res
625 3604 685 3641 sit.
743 3603 813 3641 Ge.
840 3602 941 3641 Jam.
993 3603 1057 3641 So.
1084 3601 1187 3645 Quid
1205 3602 1294 3651 jam,
1309 3602 1436 3639 Geta?
1496 3601 1565 3638 Ge.
1594 3598 1808 3640 AEschiuus.
1861 3597 1924 3636 So.
1952 3595 2057 3640 Quid
2076 3598 2187 3648 igitur

126 3652 158 3691 is
176 3653 293 3692 fecit?
351 3655 420 3696 Ge.
447 3655 638 3696 Alienavit
659 3657 823 3697 animum
841 3669 949 3698 suum
968 3655 990 3694 a
1008 3654 1115 3695 nobis
1126 3670 1136 3704 ;
1166 3667 1285 3694 amare
1304 3654 1446 3707 incepit
1465 3653 1575 3693 aliam
1595 3653 1794 3706 virginem,
1810 3650 1922 3705 quam
1939 3648 2184 3704 Pamphilam.

123 3705 190 3747 So.
217 3705 318 3747 Hem
335 3707 345 3746 l
