2340 3964
834 93 1324 157 TERENTIANA.

226 252 343 300 alios
363 252 512 300 multa
533 267 619 298 nos
643 251 755 298 satis
784 251 1193 316 deprehendimus,
1228 244 1334 315 post
1363 267 1448 298 nos
1478 249 1556 298 alii
1586 265 1772 314 quoque
1795 249 1948 297 multa

224 320 319 366 sint
340 317 721 365 animadversuri.
746 327 760 340 ⁸
789 319 1021 380 Optamus
1059 329 1211 366 autern
1249 326 1407 381 gratus
1440 316 1526 364 tibi
1555 317 1614 363 sit
1640 325 1837 362 conatus
1860 316 1945 361 iste

223 393 396 436 noster,
439 392 487 430 et
510 383 670 430 utilis.
717 382 957 437 Studiosis,
990 395 1042 431 ut
1072 385 1233 430 favore
1267 393 1348 430 tuo
1383 399 1494 429 cum
1523 380 1720 447 publica.
1744 382 1944 428 utilitate

215 448 492 522 conjuncto,
526 449 577 495 in
600 465 695 512 qua
717 450 986 511 vigiliarum
1008 451 1221 496 omnium
1243 465 1457 495 mearum
1480 448 1734 511 praemium
1756 462 1946 509 semper

221 515 385 576 putavi
410 513 747 575 reponendum,
798 515 844 561 in
871 518 1107 578 utriusque
1129 516 1307 578 linguae
1343 515 1620 562 authoribus
1658 511 1948 578 castigandis

219 579 389 630 nostris
413 579 563 626 indies
587 580 872 627 accendatur
894 581 1132 628 industria.
1202 580 1339 630 Vale.

284 668 513 750 Lugduni,
550 687 614 733 ad
641 688 735 733 Cal.

401 750 593 814 Apriles.

424 936 1028 1016 ANTONIUS
1087 936 1719 1008 GOVEANUS

613 1093 703 1141 DE
737 1091 1049 1141 VERslssUs
1081 1091 1540 1140 TERENTIANIS.

278 1225 689 1275 TERENTIANI
724 1240 899 1278 versuS,
926 1231 1006 1271 aut
1030 1223 1223 1270 iambici
1247 1230 1370 1277 sunt,
1395 1231 1476 1270 aut
1499 1220 1742 1269 trochaici.
1808 1219 1938 1269 Iam-

212 1292 311 1341 bici
334 1293 476 1357 pedes
498 1291 615 1338 duos
639 1290 891 1353 recipiunt,
925 1289 1184 1336 iambicum
1221 1297 1269 1334 et
1289 1288 1586 1352 spondaeum,
1622 1297 1670 1334 et
1693 1287 1741 1333 in
1763 1302 1880 1349 quos
1904 1288 1938 1336 ii

208 1358 540 1411 dissolvuntur,
573 1357 728 1404 nullos
750 1365 1001 1419 praeterea.
1070 1354 1320 1402 Trochaici
1353 1354 1468 1401 item
1501 1353 1633 1407 duOS‚
1675 1352 1941 1401 trochaeum

210 1432 260 1471 et
280 1424 578 1490 spondaeum,
612 1433 660 1469 et
684 1424 733 1469 in
757 1438 873 1484 quos
896 1421 929 1467 ii
951 1420 1284 1475 dissolvuntur,
1317 1420 1472 1467 nullos
1495 1421 1942 1495 praeterea.1am-

210 1489 307 1538 bici
331 1501 411 1537 aut
431 1489 715 1537 monometri
734 1496 859 1541 sunt,
885 1495 966 1533 aut
983 1486 1186 1540 dimetri,
1210 1495 1292 1533 aut
1314 1486 1528 1540 trimetri,
1552 1493 1633 1533 aut
1654 1485 1935 1534 tetrametri.

207 1555 501 1603 Monumetri
526 1570 670 1601 unam
692 1553 872 1600 habent
894 1568 1176 1605 mensuram,
1210 1553 1302 1598 hoc
1335 1562 1420 1606 est,
1454 1550 1600 1614 pedes
1634 1550 1786 1611 duos;
1822 1551 1938 1598 duas

209 1620 413 1675 dimetri,
446 1630 540 1667 tres
564 1619 778 1672 trimetri,
815 1618 907 1663 hoc
939 1626 1024 1671 est,
1061 1617 1208 1680 pedes
1230 1633 1330 1671 sex,
1366 1616 1534 1664 unde
1514 1633 1544 1664 a
1566 1616 1746 1663 Latinis
1769 1616 1940 1676 senarii

206 1685 324 1732 dicti
347 1696 468 1734 sunt.
534 1683 821 1745 Tetrametri
844 1691 1061 1744 quatuor,
1096 1682 1187 1728 hoc
1209 1691 1295 1736 est,
1330 1682 1475 1746 pedes
1497 1690 1606 1730 octo
1625 1698 1637 1730 :
1678 1682 1759 1743 qui
1784 1691 1834 1728 et
1855 1698 1939 1729 oc—

209 1752 376 1799 tonarii
398 1750 428 1798 εὶ
452 1749 645 1804 Latinis,
680 1759 729 1796 et
751 1747 983 1812 quadrati,
1017 1757 1065 1795 et
1087 1747 1352 1811 longissimi
1375 1747 1611 1795 dicuntur.
1679 1746 1939 1795 Monome-

205 1816 264 1862 tri
282 1825 331 1864 et
346 1816 544 1864 trimetri
561 1817 702 1877 justae
724 1829 909 1876 semper
931 1823 1040 1860 sunt
1060 1829 1310 1867 mensurae,
1333 1822 1382 1860 et
1399 1814 1498 1860 veri
1515 1827 1704 1875 semper
1726 1812 1938 1868 iambici,

205 1880 301 1928 hoc
325 1891 396 1929 est
417 1882 584 1946 pedem
611 1881 830 1927 ultimum
853 1895 1038 1942 semper
1060 1879 1239 1927 habent
1262 1878 1866 1926 iambum,Dimetrorun1
1889 1888 1939 1925 et

202 1955 583 1995 tetrametrorum
593 1947 734 2007 justae
752 1944 944 2009 quidem
962 1956 1069 2007 sunt
1087 1943 1336 2001 mensuras,
1350 1947 1428 2010 qui
1447 1944 1741 1992 acatalectici
1761 1960 1936 1992 vocan-

196 2020 302 2067 tur,
318 2013 444 2077 iique
466 2013 567 2060 veri
590 2028 780 2075 semper
796 2011 923 2074 apud
950 2011 1075 2059 hunc
1095 2010 1343 2058 authorem
1365 2019 1473 2058 sunt
1495 2002 1703 2058 iambici.
1740 2008 1937 2072 Injustae

195 2078 393 2141 quidam
421 2094 654 2126 mensurae
677 2086 798 2132 sunt,
833 2087 880 2123 et
903 2077 934 2123 ii
956 2093 1055 2124 non
1077 2093 1263 2139 semper
1284 2078 1384 2124 veri
1408 2085 1516 2123 sunt
1540 2076 1748 2130 iambici,
1773 2076 1853 2123 sed
1878 2085 1932 2123 ut

199 2144 456 2206 plurimum
474 2143 765 2207 spondaeum,
790 2151 871 2189 aut
891 2142 1138 2207 dactylum
1159 2141 1329 2189 ultima
1349 2142 1460 2190 sede
1484 2143 1734 2206 recipiunt,
1766 2141 1935 2189 dicun-

200 2216 369 2274 turque
403 2220 660 2258 scazontes.
745 2209 939 2270 Injustae
975 2219 1133 2256 autem
1170 2224 1271 2255 esse
1305 2224 1463 2256 versus
1505 2224 1738 2255 mensurae
1779 2207 1932 2255 modis

198 2273 394 2323 duobus
403 2276 601 2323 accidit:
629 2284 710 2322 aut
727 2276 854 2321 enim
866 2277 991 2336 justo
1009 2275 1216 2337 syllabae
1235 2274 1441 2322 minores
1460 2283 1582 2330 sunt,
1602 2284 1683 2320 aut
1700 2275 1927 2335 majores:

201 2331 270 2388 illi
300 2343 579 2396 catalectici,
621 2342 669 2388 hi
706 2341 1131 2404 hypercatalectici
1164 2349 1273 2387 sunt
1305 2340 1552 2387 nominati.
1619 2339 1839 2393 Dimetri,
1878 2348 1930 2386 ut

199 2406 337 2454 multi
355 2407 448 2454 sint
464 2407 745 2461 catalectici,
768 2407 832 2453 ita
850 2406 966 2454 nulli
986 2397 1408 2480 hypercatalectici
1431 2405 1745 2469 reperiuntur.
1786 2404 1931 2452 Nunc

196 2472 443 2526 trochaici,
476 2483 558 2521 aut
579 2473 767 2520 dimetri
789 2481 911 2527 sunt,
942 2483 1023 2518 aut
1043 2472 1317 2526 tetrametri,
1352 2471 1619 2519 catalectici
1642 2486 1822 2524 omnes,
1854 2471 1931 2518 vel

200 2537 642 2602 hypercatalectici,
668 2550 716 2585 et
739 2538 769 2585 ii
794 2537 1048 2585 octonarii.
1085 2538 1203 2584 nulli
1218 2538 1450 2612 siquidem
1475 2537 1666 2584 dimetri
1691 2538 1929 2610 hyperca-

197 2603 405 2651 talectici
438 2613 562 2653 sunt.
633 2605 788 2652 Nimis
813 2602 945 2650 fuere
976 2603 1208 2667 ingeniosi
1231 2604 1311 2666 qui
1335 2603 1553 2650 denarios
1577 2618 1735 2649 versus
1759 2603 1809 2648 in
1831 2601 1929 2649 Te-

195 2670 348 2716 rentio
381 2679 490 2717 sunt
523 2669 798 2722 commenti,
837 2669 916 2731 qui
950 2677 1272 2732 pentametros
1305 2669 1551 2723 iambicOS‚
1589 2668 1669 2731 qui
1704 2666 1930 2716 dimetros

196 2733 491 2782 redundante
510 2735 646 2798 pede,
671 2735 750 2798 qui
770 2734 797 2780 e
820 2734 999 2781 cretico
1022 2750 1117 2781 uno
1138 2750 1328 2781 versum
1352 2734 1699 2788 brevissimum,
1723 2733 1816 2808 qui·
1822 2749 1925 2781 cre-

187 2800 315 2848 ticos
339 2802 387 2848 in
412 2802 581 2864 quibus
605 2817 689 2864 pro
713 2799 890 2847 cretico
912 2807 1165 2862 poneretur
1187 2801 1432 2854 molossus,
1455 2808 1712 2876 poneretur
1733 2808 1782 2844 et
1804 2799 1926 2847 iam-

184 2866 299 2922 -bus,
334 2868 414 2931 qui
438 2875 486 2914 et
507 2866 714 2914 senarios
737 2865 967 2912 iambicos
997 2865 1473 2945 hypercatalecticOS,
1510 2866 1594 2929 qui
1613 2873 1822 2912 monstra
1846 2865 1928 2913 illa

186 2947 413 2980 -versuum
437 2931 463 2980 ὲ
488 2932 742 2980 trochaicis
764 2942 812 2978 et
834 2930 1006 2978 iambis
1029 2932 1250 2979 conflata
1317 2928 1463 2978 Porro
1497 2947 1586 2978 nec
1620 2931 1680 2979 ab
1707 2930 1924 2978 iambicis

194 2998 254 3045 ad
277 2998 556 3054 trochaicos,
585 3014 689 3045 nec
723 2997 787 3044 ab
822 2996 878 3043 iis
913 2997 971 3043 ad
995 2996 1100 3044 illos
1123 2997 1290 3044 transit
1314 3001 1472 3062 poeta,
1511 2996 1601 3043 nisi
1639 2999 1767 3060 (quae
1791 3006 1923 3043 vetus

192 3064 440 3111 doctorum
464 3063 556 3111 fuit
577 3064 755 3126 opinio,
792 3062 934 3125 longo
967 3061 998 3109 a,
1031 3079 1108 3110 me
1130 3057 1379 3110 intervallo
1401 3062 1644 3121 renovata)
1678 3079 1750 3109 res
1772 3060 1819 3108 id
1843 3070 1924 3108 aut

193 3130 418 3204 postulet,
435 3139 515 3177 aut
537 3128 664 3176 certe
689 3128 824 3175 ferat.
879 3127 1129 3176 Quomodo
1152 3137 1308 3175 autem
1332 3127 1379 3174 id
1400 3144 1471 3175 res
1493 3137 1574 3175 aut
1595 3127 1818 3191 postulet,
1843 3134 1925 3173 aut

194 3193 329 3250 ferat,
350 3196 446 3242 suis
470 3195 613 3242 locis
604 3211 651 3241 in
676 3194 732 3241 iis
749 3194 1101 3240 commentariis
1123 3193 1416 3247 docebimus,
1440 3209 1557 3256 quos
1583 3193 1631 3240 in
1647 3191 1923 3241 Terentium

191 3274 428 3322 paramus·
498 3260 617 3309 Quae
642 3263 888 3323 poetarum
913 3275 1043 3306 more
1065 3256 1206 3307 licere
1230 3259 1320 3306 sibi
1345 3259 1494 3306 voluit
1514 3258 1779 3317 Terentius,
1846 3269 1922 3304 uae

191 3323 380 3386 quidem
415 3341 568 3388 pauca
601 3335 725 3380 sunt,
766 3325 875 3372 haec
899 3324 1234 3375 animadverti:
1272 3324 1321 3371 in
1344 3341 1485 3372 unam
1511 3314 1751 3370 contrahit
1773 3338 1829 3387 sy
1851 3316 1922 3370 la-

192 3389 318 3443 bam,
341 3406 494 3446 meum,
520 3402 632 3446 tuus,
656 3407 772 3445 sum,
799 3391 917 3444 deas,
942 3391 1082 3445 deum,
1109 3390 1230 3446 deos,
1257 3391 1362 3446 deae,
1391 3392 1542 3453 prior,
1557 3402 1688 3451 puer,
1715 3390 1799 3443 rei,
1825 3387 1919 3442 eho,

102 3472 105 3476 ·
175 3456 295 3512 fuit,
320 3470 403 3501 ea.-
438 3455 490 3503 in
511 3455 627 3503 duas
649 3457 819 3510 eadem,
842 3456 1008 3511 eodem,
1032 3457 1256 3503 duarum:
1293 3454 1616 3515 dissolvitjam
1640 3452 1690 3500 in
1712 3452 1925 3515 syllabas

184 3520 320 3573 duas,
345 3521 394 3567 in
415 3528 509 3567 tres
528 3523 648 3575 vero,
672 3522 719 3567 in
743 3531 944 3584 quatuor
966 3524 1199 3585 virginem,
1225 3521 1272 3567 in
1297 3521 1504 3585 quinque
1524 3518 1760 3581 ejusmodi.
1796 3518 1919 3566 Red-

191 3586 365 3641 ducere,
387 3585 642 3644 redductus,
666 3587 879 3650 relliquus
901 3559 1144 3651 geminata.
1167 3584 1304 3634 effert
1326 3592 1631 3635 consonante.
1695 3583 1922 3637 Literam,

2197 110 2287 165 lvii
