2314 3944
140 136 242 185 136

139 273 201 313 Cl.
261 273 536 327 Aequisivimns
597 278 707 315 vitam

111 325 319 367 «Deorum.
371 328 440 380 Sy.
455 328 615 380 Operam
627 343 709 381 per-

134 378 199 427 do,
215 390 259 419 ut
276 389 382 433 puto.
440 381 500 419 CL.
515 379 706 434 Loquere3

133 432 256 472 audio.
309 434 377 486 Sy.
413 431 488 470 Sed
507 436 629 470 statim
651 448 709 472 me

132 498 211 524 non
245 487 382 525 audies.
448 485 510 524 CI.
537 486 708 525 Audiam.

129 536 201 591 Sy.
229 537 528 590 Prospiciendum
546 548 603 576 est
616 553 710 589 quo-

131 604 223 642 que,
252 601 293 629 ut
313 592 391 641 jam
420 599 530 628 antea
555 592 645 639 dixi,
664 601 708 631 ut

132 657 192 682 res
210 645 318 682 amici
345 643 399 682 tui
419 642 642 695 Clitiphonis
667 646 708 685 in

131 705 259 736 tutum
307 695 431 734 locum
484 697 706 736 deducatur:

131 762 219 787 nam
238 750 268 786 si
289 762 387 787 nunc
404 748 560 788 discedis
580 749 668 789 hinc
686 751 708 790 a

130 801 242 839 nobis
268 802 396 840 relicta
423 800 485 840 hie
506 801 706 851 Bacchide,

129 855 254 892 statim
266 853 444 892 Chremes
458 857 609 907 repente
622 870 708 908 cog-
726 885 732 892 .

130 915 264 946 noscet
282 921 362 946 eam
381 909 490 946 amari
508 910 530 946 a
544 909 642 948 filio:
676 911 707 947 si

129 972 214 998 eam
258 968 383 998 tecum
422 959 511 998 hinc
543 962 566 999 a
600 962 708 1000 nobis

130 1013 293 1059 duxeris,
325 1014 405 1065 ipsa
434 1014 612 1053 celabitur
629 1015 707 1065 ejus

131 1074 213 1103 esse
261 1067 392 1112 amica,
445 1067 497 1106 ita
540 1078 584 1106 ut
631 1066 705 1106 huc

130 1131 251 1168 usque
282 1119 397 1157 celata
413 1130 482 1159 est.
540 1121 599 1159 Cl.
630 1119 706 1159 Ve-

131 1171 231 1218 fixm,
263 1173 289 1210 ὀ
320 1170 424 1222 Syre,
461 1171 556 1211 nihil
588 1175 705 1225 magis

131 1226 356 1262 contrarium
390 1226 509 1263 ‘meis
564 1228 704 1277 nuptiis

131 1276 204 1315 ista
233 1290 284 1322 re,
305 1291 414 1328 quam
442 1292 588 1317 mones:
618 1293 704 1319 nam

130 1330 205 1379 qua
236 1329 357 1368 fronte
385 1331 517 1370 videbo
547 1342 705 1384 patrem,

129 1382 196 1420 ubi
245 1383 382 1422 duxero
420 1397 565 1423 mecum
611 1383 706 1424 Bac-

130 1433 310 1474 chidem?
365 1435 447 1475 Scis
477 1438 566 1488 quid
596 1439 706 1478 velim

129 1487 282 1526 dicere?
337 1490 406 1540 Sy.
434 1489 511 1528 Cur
536 1504 610 1529 non
637 1493 708 1530 sci-

130 1542 222 1579 am?
282 1541 341 1581 Cz.
370 1541 474 1586 Quid
491 1544 624 1589 dicam,
642 1554 708 1585 aut

128 1606 243 1644 quam
294 1596 475 1634 rationem
526 1596 704 1636 reddam?

129 1646 201 1699 Sy.
242 1645 368 1686 Etiam
398 1649 483 1686 nolo
515 1663 595 1688 eam
627 1651 709 1688 red-

129 1698 267 1746 dendo,
294 1711 337 1740 ut
363 1703 574 1741 mentiaris:
603 1702 709 1742 Clare

63 1802 85 1811 »¹
129 1760 173 1790 et
215 1755 298 1791 vere
331 1756 508 1806 exponito
542 1756 581 1794 id
610 1757 709 1807 quod

128 1818 190 1844 res
225 1815 292 1845 est.
369 1807 427 1847 Cc.
457 1807 562 1851 Quid
588 1810 706 1848 dicis?

131 1858 203 1911 Sy.
222 1857 318 1898 Volo
336 1860 520 1913 significes
535 1870 573 1899 te
587 1876 707 1901 amare

131 1910 387 1964 Antiphilam,
439 1924 472 1951 et
529 1923 566 1953 te
626 1929 735 1954 eam-

129 1963 226 2003 velle
271 1964 408 2004 habere
452 1980 628 2012 uxorem;
668 1978 706 2007 et

116 2015 360 2057 -Bacchidem
418 2033 498 2058 esse
554 2022 707 2060 amicam

130 2067 372 2122 Clitiphonis.
420 2073 479 2112 Cl.
494 2072 633 2112 Suades
647 2087 708 2113 ve-

129 2124 175 2163 τὸ
222 2137 300 2162 rem
350 2125 452 2164 valde
489 2126 624 2165 bonam
669 2135 708 2166 et

129 2187 292 2227 aequam,
337 2191 407 2216 nec
438 2178 539 2218 factu
579 2180 709 2218 diffici-

129 2229 221 2267 lem.
274 2228 333 2267 Tu
360 2231 496 2270 scilicet
516 2233 614 2271 voles
635 2232 708 2271 hoc

129 2293 196 2321 me
229 2282 425 2334 impetrare
461 2285 484 2324 a
517 2295 635 2337 patre,
666 2296 708 2325 ut

131 2333 229 2372 celet
255 2349 382 2376 senem
409 2346 568 2378 vestrum
593 2337 708 2377 Chre-

130 2396 282 2426 metem.
336 2390 406 2442 Sy.
443 2389 549 2434 Quin
584 2394 707 2444 potins

131 2453 206 2491 ego
236 2441 334 2489 volo,
370 2452 414 2481 ut
444 2445 528 2482 vere
563 2455 601 2483 et
630 2447 710 2483 sine

130 2493 355 2534 diverticulis
391 2497 584 2541 verborum
615 2512 710 2544 rem,

134 2559 180 2584 ut
205 2555 285 2586 acta
304 2557 373 2594 est,
394 2560 592 2588 recenseat.
650 2552 710 2590 Cl.

132 2597 253 2646 Hem,
282 2601 417 2639 satisne
447 2615 546 2640 sanae
576 2606 712 2642 mentis

133 2653 203 2690 es?
245 2666 291 2691 an
330 2668 404 2692 non
447 2656 709 2695 temulentus?

135 2703 247 2743 Certe
291 2715 333 2744 tu
369 2709 490 2759 prodis
527 2707 710 2760 Clitipho-

133 2770 246 2798 nem:
277 2772 360 2798 nam
392 2761 450 2799 dic
481 2760 590 2808 mihi,
620 2776 712 2813 quo-

134 2811 248 2849 modo
265 2815 397 2862 poterit
419 2813 479 2851 ille
497 2827 576 2852 esse
596 2826 710 2861 tutuS‚

135 2863 166 2900 si
194 2874 297 2914 pater
314 2866 392 2915 ejus
421 2869 571 2918 negotia
600 2869 713 2906 resci-

133 2917 253 2955 verit?
296 2918 367 2970 Sy.
394 2917 504 2957 Certe
523 2919 610 2958 huic
628 2934 712 2959 meo

136 2980 350 3008 commento
391 2973 526 3023 primas
562 2973 708 3020 defer03

134 3021 183 3059 de
216 3021 286 3061 hac
322 3037 362 3061 re
393 3023 485 3062 mihi
522 3024 648 3077 placeo
675 3037 710 3064 et

135 3074 343 3128 triumpho,
352 3078 415 3126 qui
424 3076 578 3116 habeam
588 3089 710 3130 potes-

135 3134 251 3165 tatem
302 3139 415 3168 tantae
465 3134 635 3169 versutiae
673 3143 712 3170 et

131 3179 285 3228 fraudis,
313 3193 354 3220 ut
373 3183 528 3221 dicendo
546 3197 626 3222 vera
645 3182 720 3222 hos·

125 3232 265 3272 ‚ambos
291 3248 397 3273 senes
422 3237 622 3287 decipiam:
658 3235 712 3274 Ut

135 3287 286 3334 quando
315 3299 434 3326 vester
463 3287 713 3328 Menedemus

427 130 430 133 ·
457 132 516 187 Ρ.
550 130 897 188 TERENTII
935 134 1855 209 HEAuToN'nMoRcMENOS.

766 276 845 332 CI.
872 277 1102 329 Deorum
1126 276 1278 328 vitam
1305 279 1678 348 adeptisumuS.

821 381 823 383 -
904 365 1027 412 ram,
1047 349 1239 416 opinor,
1265 367 1424 401 sumo.
2117 358 2181 404 15

767 418 846 472 CZ.
882 419 1145 488 Loquere3
1183 420 1349 472 audio.
1425 421 1510 488 Sis.
1552 433 1601 472 at
1629 421 1736 492 jam
1776 423 1872 486 hoc
1910 441 2010 475 non
2049 441 2184 493 ages,

909 488 985 543 Cl.
1011 509 1176 559 agam.
1252 492 1338 559 Sy.
1375 492 1646 543 videndum
1673 505 1761 557 est,
1783 495 2005 564 inquam,

761 561 933 613 Amici
958 580 1159 631 quoque
1182 580 1275 627 reS‚
1294 563 1478 628 Clinia,
1503 565 1578 614 tui
1603 564 1655 614 in
1678 574 1788 615 tuto
1803 578 1857 616 ut
1880 568 2183 618 collocetur:

760 633 896 685 Nam
948 634 990 684 si
1040 652 1177 685 nunc
1219 631 1252 684 'a
1295 634 1438 686 nobis
1483 635 1604 699 abis,
1650 645 1700 685 et
1722 635 2049 689 *Bacchidem
2096 637 2184 688 hic

904 705 1160 774 relinquis,
1931 760 1934 762 ,

761 775 931 826 Senex
947 777 1176 827 resciscet
1195 776 1332 827 illico
1351 795 1454 828 esse
1469 777 1689 829 amicam
1707 777 1838 828 hanc
1851 776 2182 847 Clitiphonis:

762 846 818 897 Si
843 848 1119 911 abduxeris,
1157 848 1401 899 celabitur
1425 848 1617 911 itidem,
1645 858 1698 899 ut
1724 851 1882 900 celata
1905 849 2068 901 adhuc
2093 858 2186 901 est.

762 916 847 972 CI.
884 919 1088 969 Atenim
1116 918 1238 969 istoc
1259 919 1385 970 nihil
1411 930 1484 970 est
1504 920 1679 988 magiS,
1705 920 1844 989 Syre,
1869 919 1994 971 meis
2013 919 2184 989 nupti-

890 991 939 1040 ·is
963 990 1228 1042 advorsum
1248 1010 1260 1042 ε
2113 996 2179 1044 21

759 1061 895 1113 Nam
932 1078 1032 1130 quo
1068 1078 1153 1112 ore
1189 1063 1453 1130 appellabo
1487 1063 1716 1132 patrem?
1754 1072 1911 1128 teneS,
1947 1061 2069 1133 quid
2104 1061 2183 1114 di-

902 1134 1049 1184 cam?
1130 1131 1220 1204 Sy.
1246 1133 1457 1201 quidni?

763 1202 844 1257 Cl.
884 1203 1027 1262 Quid
1063 1203 1265 1255 dicam?
1318 1223 1469 1273 quam
1507 1223 1732 1258 caussam
1769 1206 2013 1260 afferam?

901 1275 1056 1344 quid?
1101 1277 1220 1327 nolo
1245 1276 1520 1330 mentiare:

759 1348 961 1416 Aperte,
1001 1346 1069 1397 ita
1107 1357 1164 1396 ut
1202 1365 1277 1396 res
1315 1364 1420 1398 sese
1462 1349 1629 1413 habet,
1664 1359 1872 1404 narrato.

807 1411 810 1416 ’
899 1418 1002 1469 ais?
1080 1416 1167 1489 Sy.
1192 1416 1348 1487 jubeo

760 1488 906 1540 Illam
933 1500 982 1541 te
1007 1507 1192 1554 amare,
1227 1500 1277 1539 et
1300 1490 1428 1540 velle
1454 1507 1690 1556 uxorem3
1727 1492 1859 1544 hanc
1890 1511 1998 1544 esse
2035 1491 2184 1545 Cliti-

901 1560 1097 1628 phonis,
1983 1569 1986 1571 ’
2110 1568 2180 1615 25
2221 1611 2223 1614 .

766 1630 846 1686 CI.
884 1632 1083 1684 Bonam
1121 1641 1270 1700 atque
1300 1630 1486 1702 justam
1513 1650 1619 1683 rem
1658 1633 1843 1703 oppido
1868 1635 2095 1704 imperaS,
2133 1643 2184 1686 et

901 1705 1037 1754 factu
1063 1703 1278 1756 facilem.
1327 1712 1342 1727 ”

760 1774 831 1826 Et
854 1775 1046 1826 scilicet
1058 1772 1164 1842 jam
1191 1793 1273 1826 me
1298 1775 1394 1827 hoc
1418 1777 1553 1827 voles
1576 1794 1714 1828 orare
1739 1787 1948 1845 patrem,
1974 1786 2029 1828 ut
2054 1778 2184 1829 celet

762 1845 948 1903 Senem
974 1857 1211 1903 vostrum..
1285 1847 1370 1916 Sy.
1413 1846 1518 1898 imo
1542 1858 1598 1897 ut
1622 1852 1758 1898 recta
1784 1850 1861 1901 via
1884 1867 1991 1900 rem
2016 1846 2182 1900 narret

900 1917 1073 1968 ordine
1097 1935 1320 1968 omnem.
1398 1917 1471 1969 Cl.
1502 1918 1649 1982 hem!

761 1987 920 2040 Satin’
945 2006 1091 2040 sanus
1116 2006 1168 2039 es
1203 2000 1253 2039 et
1276 1988 1500 2040 sobrius?
1540 2002 1596 2040 tu
1619 1990 1823 2059 quidem
1860 1989 2006 2041 illum
2030 1991 2181 2059 plane

902 2060 1096 2128 perdis:

759 2131 895 2183 Nam
919 2134 1006 2199 qui
1030 2131 1116 2195 ille
1140 2128 1322 2198 poterit
1337 2148 1440 2181 esse
1462 2130 1512 2180 in
1535 2141 1660 2193 tuto,
1685 2130 1766 2181 dic
1790 2130 1952 2183 mihi?
2112 2136 2184 2184 30

763 2203 848 2272 Sy.
892 2202 1030 2254 Huic
1063 2202 1301 2271 equidem
1341 2202 1550 2253 consilio
1585 2204 1807 2271 palmam
1845 2202 1942 2256 do:
1978 2202 2064 2256 hie
2099 2220 2184 2255 me

903 2273 1172 2342 magnifice
1197 2271 1368 2336 efferO,
2227 2284 2230 2287 ·

761 2344 868 2401 Qui
915 2345 1019 2396 vim
1066 2354 1260 2396 tantam
1308 2345 1360 2396 in
1407 2363 1490 2397 me
1531 2352 1580 2395 et
1626 2351 1921 2412 potestatem
1968 2344 2183 2398 habeam

905 2426 1057 2468 tantae
1077 2416 1288 2480 astutiae,
1906 2415 2010 2484 [rat
2032 2434 2186 2469 senex

763 2487 894 2538 Vera
919 2487 1136 2539 dicendo
1159 2498 1215 2539 ut
1239 2505 1321 2539 eos
1354 2489 1527 2538 ambos
1563 2487 1770 2539 fallam:
1808 2495 1878 2550 ut,
1915 2488 2031 2550 cum
2070 2505 2186 2541 nar,-

763 2559 941 2622 Voster
964 2572 1146 2622 nostr0‚
1172 2577 1274 2610 esse
1298 2558 1441 2610 istam
1468 2558 1684 2609 amicam
1708 2558 1864 2625 gnati,
1889 2575 1991 2610 non
2016 2559 2186 2611 credat

907 2642 1093 2682 tamen.
2097 2690 2102 2696 ἥ
2160 2695 2162 2697 ¹

770 2700 848 2753 Cb.
883 2703 953 2753 At
986 2702 1122 2752 enim
1157 2719 1294 2769 spem
1334 2701 1456 2752 istoc
1490 2710 1638 2769 pacto
1671 2718 1861 2752 rursum
1896 2699 2182 2770 nuptiarum

905 2790 1109 2824 omnem
1136 2773 1311 2841 eripis:
2112 2776 2179 2823 35

765 2845 901 2896 Nam
932 2844 1053 2895 dum
1092 2845 1309 2895 amicam
1346 2843 1480 2895 hanc
1517 2861 1683 2894 meam
1722 2859 1824 2893 esse
1861 2841 2044 2903 credet,
2079 2859 2183 2892 non

907 2915 1190 2967 committet
1210 2915 1382 2966 filiam.
1930 2912 2183 2979 [consulis

763 2988 844 3038 Tu
891 2988 1108 3050 fortasse,
1151 2986 1270 3053 quid
1311 3004 1392 3036 me
1427 2986 1529 3050 fiat,
1574 2984 1708 3054 parvi
1754 3001 1910 3045 curas,
1932 2983 2063 3034 -dum
2109 2982 2185 3034 illi

766 3058 850 3133 Sy.
891 3058 1046 3120 Quid,
1086 3058 1294 3119 malum,
1320 3074 1402 3107 me
1438 3067 1637 3108 aetatem
1676 3072 1846 3107 censes
1869 3055 1996 3104 velle
2022 3053 2072 3104 id
2096 3053 2185 3104 ad·-

904 3128 1183 3179 simularier
1205 3129 1221 3178 ?
1936 3125 2188 3193 [amplius.

766 3199 914 3253 Unus
938 3210 1011 3251 est
1045 3199 1165 3263 dies,
1203 3197 1323 3249 dum
1366 3208 1629 3266 argentum
1665 3195 1852 3266 eripio:
1890 3195 2018 3266 pax!
2057 3195 2187 3247 nihil

1756 282 1839 351 Sy.
1867 281 2044 333 frustra
2062 297 2183 351 ope-

2090 1204 2182 1279 Sy.

1954 1349 2036 1404 Cl.
2062 1349 2184 1420 quid

135 3337 235 3376 dicet
250 3350 376 3379 nostro
388 3339 579 3380 Chremeti
599 3345 703 3381 istam
714 3341 937 3382 Bacchidem
957 3341 1206 3381 esseamicam
1219 3337 1457 3390 Clitiphonis,
1473 3348 1597 3377 tamen
1612 3337 1787 3378 Chremes
1804 3338 1940 3376 nullam
1956 3338 2064 3376 fidem
2079 3338 2186 3377 dietis

136 3389 237 3429 illius
264 3391 446 3432 adhibeat.
505 3394 565 3433 Cl,
592 3393 666 3433 Sed
685 3398 783 3435 certe
808 3409 928 3434 rursus
957 3393 1083 3431 adimis
1101 3391 1194 3430 mihi
1211 3387 1289 3430 ¹'hoc
1309 3392 1418 3430 modo
1438 3404 1586 3430 omnem
1609 3405 1710 3442 spem
1732 3393 1940 3441 nuptiarum
1957 3389 2186 3441 Antiphilaez

139 3455 227 3479 nam
246 3446 335 3483 dum
361 3447 439 3497 ipse
460 3445 638 3485 Chremes
657 3451 770 3487 credit
792 3448 886 3486 hane
909 3444 1131 3485 Bacchidem
1151 3444 1173 3483 ὲ
1191 3459 1250 3482 me
1274 3446 1401 3490 amari,
1422 3459 1496 3483 non
1517 3444 1634 3482 trudet
1656 3443 1746 3481 mihi
1771 3444 1880 3482 tiliam
1899 3457 2003 3482 suam
2021 3455 2186 3496 uxorem.

140 3492 308 3534 Fortasse
328 3508 380 3543 tu,
400 3497 504 3551 Syre,
521 3503 649 3551 parum
673 3515 792 3547 curas,
819 3502 906 3551 quid
928 3501 990 3537 fiet
1005 3499 1050 3535 de
1068 3511 1141 3543 me,
1161 3498 1248 3536 duni
1271 3497 1381 3536 mode
1400 3498 1585 3549 provideas
1603 3495 1822 3549 Clitiphoni.
1874 3496 1944 3548 Sy.
1975 3494 2186 3556 Quid,·ma·

139 3548 220 3585 im?
262 3559 417 3600 putasne
433 3565 500 3604 per
523 3554 674 3603 longum
695 3564 843 3605 tempus
864 3555 900 3591 id
919 3551 1009 3590 velle
1038 3551 1125 3601 fingi
1145 3551 1190 3588 de
1208 3549 1422 3590 Bacchide?
1453 3549 1582 3590 Unum
1599 3551 1696 3589 diem
1717 3550 1862 3588 tantum
1883 3548 2029 3601 postulo
2042 3546 2186 3587 simula·

151 3602 232 3650 ⁰¹²3,
250 3602 341 3642 dum
354 3615 551 3656 argentum
571 3602 722 3649 aufero:
752 3606 895 3647 nullum
913 3604 1071 3659 amplius
1089 3603 1170 3642 volo
1184 3612 1345 3656 tempus.

703 3757 723 3769 Ι
