2340 3964
739 158 1230 225 TERENTIANA.

132 305 214 355 ubi
235 321 379 370 quare
393 309 586 352 venerat
600 302 901 365 explicasset.
957 302 1098 356 Veni,
1116 300 1284 364 inquit,
1307 306 1361 347 ut
1377 314 1437 347 ex
1456 297 1641 363 integra
1658 297 1848 354 Graeca,

131 372 366 435 integram
400 367 684 417 comoediam
707 383 863 431 agam,
894 385 1000 431 quae
1038 384 1099 415 ex
1123 367 1325 429 simplici
1361 364 1852 429 argumentoduplex

131 435 364 484 facta‘est.
406 435 652 481 'Dicerem
677 435 863 494 et‘cuja
896 443 1018 480 esset
1051 434 1237 490 Graeca,
1269 442 1318 479 et
1341 430 1560 491 Latinam
1590 430 1694 493 quis
1715 430 1847 486 fecit,

129 500 220 549 nisi
242 509 426 565 partem
449 498 660 546 vestrum
683 500 939 547 maximam
963 499 1082 546 scire
1110 497 1374 544 arbitrarer.
1443 494 1646 543 Habetis
1666 512 1749 542 eur
1768 512 1852 544 ve·

130 566 299 620 nerim,
320 565 477 613 dicam
495 565 594 625 jam
619 581 742 611 nunc
767 580 850 612 cur
870 574 1028 628 partes
1051 563 1135 609 has
1158 563 1359 624 prologi,
1381 577 1490 623 quae
1511 571 1646 608 erant
1666 561 1851 609 adoles-

131 632 358 684 centium,
392 646 535 676 senex
573 629 833 676 didicerim.
900 631 1010 685 Non
1032 628 1281 690 prologum
1306 627 1454 672 voluit
1476 643 1552 673 me
1574 635 1674 672 esse
1691 631 1848 689 poeta,

129 696 222 744 hoc
239 705 325 750 est,
345 694 522 742 fabulae
549 707 876 759 argumentum
899 709 1105 746 narrare,
1128 693 1209 738 sed
1241 701 1472 738 oratorem
1507 691 1637 746 fecit,
1661 693 1739 755 qui
1763 709 1851 757 pro

130 777 181 808 se
201 761 324 825 apud
349 777 430 808 vos
459 776 647 807 causam
670 762 894 814 dicerem,
930 757 1153 806 adversus
1186 773 1265 802 eos
1299 771 1523 811 rumores,
1555 771 1672 819 quos
1706 757 1765 804 de
1800 775 1850 805 se

127 826 355 874 malevoli
396 826 690 874 distulerunt.
778 821 1131 871 Contaminasse
1186 822 1370 868 scilicet
1411 820 1607 868 Graecas
1659 823 1847 879 multas,

127 890 242 938 dum
261 891 377 939 facit
395 907 567 955 paucas
587 891 791 939 LatinaS.
859 889 1031 935 Orator
1063 903 1177 950 ergo
1200 887 1258 934 ad
1284 904 1366 935 vos
1387 888 1528 934 venio
1549 895 1718 934 ornatu
1738 903 1851 951 pro-

127 956 241 1020 logi.
274 957 350 1004 Ex
373 963 485 1007 Act.
507 957 590 1007 IV.
621 972 750 1003 scen.
778 954 870 1002 111.
897 953 1051 1002 Vostru
1074 969 1268 1002 msenem.
1301 955 1386 1018 Sy.
1411 954 1496 1000 imb
1515 953 1602 1015 ut.]
1638 950 1731 999 Imb
1751 954 1851 1017 pri-

129 1037 211 1070 ore
235 1023 382 1070 brevi.
1232 1037 1236 1041 ·

233 1189 354 1251 EX
401 1178 1047 1250 INSCRIPTIONE
1090 1187 1740 1283 ADELPHQRUM.

474 1333 600 1382 Mihi
622 1329 690 1391 sic
710 1333 943 1396 inscriptio
965 1332 1055 1380 haec
1073 1332 1254 1380 videtur
1274 1331 1459 1397 legenda
1475 1350 1491 1378 .-

190 1439 423 1489 Auum!
454 1439 680 1488 Terentii.
745 1438 872 1488 Acta
897 1438 1018 1486 ludis
1041 1437 1339 1485 Funebribus
1373 1437 1425 1484 L.
1453 1436 1613 1485 AEmil.
1635 1436 1767 1486 Paul.
1791 1437 1852 1487 Q.

126 1506 246 1564 Fab.
275 1507 478 1554 Maxim.
535 1505 591 1553 P.
612 1505 833 1552 Cornelio
863 1503 1086 1552 Africano
1108 1503 1344 1551 AEdilibus
1363 1502 1627 1550 Curulibus.
1691 1501 1852 1566 Egere

68 1590 70 1593 ’
126 1571 182 1619 L.
213 1572 402 1619 Attilius
437 1571 767 1624 Praenestinus,
804 1571 857 1617 L.
890 1569 1138 1616 Numidius
1169 1569 1466 1615 PosthumuS.
1529 1567 1705 1616 Modos
1735 1568 1852 1616 fecit

127 1636 296 1684 Claud.
332 1637 543 1690 FlaccuS,
574 1635 740 1684 Claud.
777 1635 918 1688 filius,
949 1635 1077 1680 tibiis
1111 1633 1307 1683 dextris.
1370 1633 1518 1680 Facta
1540 1633 1712 1681 Latina
1733 1635 1847 1682 este
1880 1676 1881 1679 ,

130 1700 306 1749 Graecz‘i.
324 1702 636 1754 Menandrou,
658 1701 708 1748 L.
728 1701 892 1746 Anitio
911 1699 1064 1754 Gallo,
1084 1699 1157 1747 M.
1180 1698 1402 1746 Cornelio
1417 1697 1630 1761 Cethego
1648 1699 1779 1749 Coss..
1831 1732 1848 1745 .

195 1767 273 1815 Ex
290 1767 401 1815 Act.
424 1768 606 1822 Lvscen.
623 1767 688 1813 ΙΙ.
711 1767 818 1812 Nisi
839 1764 1057 1829 quicquid
1075 1765 1180 1827 εει]
1217 1765 1326 1812 Nisi
1343 1765 1430 1828 pro
1445 1764 1537 1812 sed.
1563 1763 1640 1811 Ex
1656 1764 1847 1814 Act.11.
1902 1834 1909 1839 .

127 1846 255 1879 scen.
279 1833 316 1880 Ι.

188 1898 340 1955 ,Βδηιϋ
358 1903 426 1944 m?
447 1898 630 1961 eripuit,
651 1895 911 1951 verberavit,
935 1912 1000 1942 me
1020 1897 1162 1944 invito
1181 1884 1374 1944 abduxit
1394 1912 1546 1943 meam.

190 1963 342 2010 Domo
363 1979 428 2008 me
447 1979 484 2016 e,
507 1971 768 2025 anapaestus
786 1978 885 2009 esse
903 1961 1115 2009 videtur:
1156 1962 1364 2024 alioquin
1380 1977 1476 2008 non
1497 1962 1735 2010 constabit
1752 1971 1851 2011 tro-

125 2026 332 2076 chaicuS.
401 2029 646 2075 Ablativos
681 2044 779 2074 esse
801 2029 1112 2091 primo,bvero,
1137 2029 1248 2081 cito,
1282 2026 1448 2081 sedulo,
1485 2038 1649 2084 mamm,
1678 2029 1849 2086 crebro,

124 2094 237 2148 seru,
264 2091 530 2157 ultimisque
551 2093 780 2156 correptis
798 2093 894 2140 dici
919 2093 1121 2147 interim,
1135 2108 1276 2140 nemo
1293 2094 1458 2140 nescit.
1503 2093 1612 2141 Act.
1632 2094 1692 2140 V.
1718 2110 1848 2142 scen.

124 2155 261 2206 VIII.
285 2159 434 2206 animo
454 2169 718 2206 extremam
737 2159 975 2221 corripere
995 2157 1338 2206 adnotavimus
1408 2158 1472 2204 Et
1493 2159 1600 2206 Act.
1622 2158 1704 2206 IV.
1719 2175 1849 2208 scen.

124 2220 164 2269 1.
203 2226 345 2278 Quasi
358 2225 535 2286 puero]
586 2225 731 2270 Puero
749 2223 1077 2290 dissyllabum.
1129 2223 1192 2270 Et
1207 2231 1336 2270 s‘cen.
1351 2222 1412 2271 ΙΙ.
1465 2225 1573 2270 Nisi
1591 2241 1658 2270 me
1674 2225 1854 2288 creda]-

125 2288 236 2334 Nz'si
258 2305 342 2351 pro
362 2291 451 2336 sed.
488 2291 720 2337 Quonam?
755 2291 838 2352 Sy.
862 2286 955 2336 illic
974 2289 1067 2344 uhi,
1090 2292 1168 2344 &a

127 2363 131 2369 ‘
192 2352 393 2402 Versum
416 2354 541 2402 hunc
562 2355 808 2402 denarium
830 2356 1159 2403 catalecticum
1185 2354 1478 2402 trochaicum
1513 2353 1707 2411 faciunt,
1731 2372 1850 2419 quos

123 2418 279 2465 nullos
323 2419 508 2483 scripsit
539 2416 804 2467 Terentius.
871 2419 1004 2467 Alibi
1040 2421 1297 2484 quidnam?
1341 2421 1424 2484 Sy.
1463 2421 1706 2490 illuc-‚Nssscn
1742 2422 1850 2486 Ego

126 2483 384 2547 legendum
425 2484 643 2548 putarim,
676 2485 908 2534 Ubinam?
943 2487 1024 2550 Sy.
1047 2485 1125 2533 ubi
1155 2488 1305 2540 etiam,
1338 2487 1417 2543 ὅγε.
1452 2495 1502 2532 ut
1538 2487 1600 2533 sit
1622 2487 1850 2534 trochaic.

127 2559 284 2597 octon.
315 2550 558 2614 hypercat.
595 2552 807 2605 Quonam,
842 2567 939 2598 non
965 2547 1148 2598 videtur
1179 2552 1414 2598 sententia
1446 2552 1710 2613 postulare:
1747 2550 1873 2605 illicv

125 2612 340 2662 Donatus
357 2631 450 2662 non
474 2616 602 2679 legit.
650 2616 713 2662 Et
730 2633 857 2663 scen.
878 2617 940 2663 V.
979 2617 1117 2662 Domi
1136 2616 1392 2679 virginem]
1428 2618 1569 2663 Domi
1593 2619 1850 2679 posteriore

125 2679 361 2742 correpta,
386 2681 472 2731 nisi
498 2681 730 2744 virginem
749 2680 1159 2745 quadrisyllabum
1179 2680 1311 2728 facis,
1368 2680 1462 2728 Abi
1485 2682 1697 2744 domum]
1754 2683 1850 2730 Abi

125 2755 302 2811 poster.
327 2745 565 2809 correpta.
623 2745 705 2806 Ex*
721 2745 1063 2794 Act.-V.-scen.
1089 2746 1222 2793 VIII.
1262 2745 1453 2808 Corpore
1475 2757 1518 2792 et
1539 2751 1704 2795 animo.
1773 2750 1848 2799 M.

121 2811 341 2874 gaudem]
391 2814 507 2858 ηἲηιὸ
531 2827 640 2874 gau,
662 2820 957 2875 anapaestus:
995 2811 1086 2859 hoc
1110 2811 1238 2858 idem
1259 2812 1404 2859 etiam
1434 2813 1545 2861 Act.
1573 2813 1635 2861 ΙΙ.
1656 2829 1784 2863 scen.
1810 2814 1848 2865 1.

125 2875 471 2932 adnotavimus,
490 2878 538 2948 iu
557 2876 687 2923 domo
708 2893 775 2924 me
795 2878 976 2940 eripuit,
998 2878 1078 2933 ὅγε.

288 3023 290 3027 ’
353 3043 473 3105 Ex
521 3044 1166 3107 INSCRIPTIONE
1211 3045 1612 3108 HECYRAE.

406 3189 520 3235 Haec
540 3188 772 3250 inscriptio
776 3188 965 3251 judicio
987 3198 1135 3234 nostro
1157 3190 1224 3235 ita
1246 3189 1432 3252 legenda
1456 3200 1519 3236 est
1537 3209 1554 3238 .·

191 3291 434 3340 'ranem-11
474 3294 683 3358 Hecyra.
765 3296 887 3344 Tota
937 3297 1110 3344 Graeca
1151 3304 1223 3343 est
1274 3298 1619 3362 Apollodorou.
1706 3302 1848 3356 Edita

0 3364 67 3380 ‘'¹‘’
128 3357 216 3404 Cn.
284 3357 498 3416 Octavio,
545 3357 604 3408 T.
653 3361 840 3408 Manlio
889 3361 1127 3424 Torquato
1160 3364 1290 3411 Coss.
1362 3366 1482 3411 Acta
1527 3364 1682 3427 primd
1725 3367 1846 3416 ludis

126 3421 370 3475 Romanis,
390 3421 495 3470 Sex.
511 3424 541 3470 J
548 3425 610 3472 ul.
631 3425 837 3482 Cae'sare,
861 3427 948 3474 Cn.
971 3427 1112 3474 Corn.
1146 3427 1413 3483 Dolabella,
1436 3428 1671 3481 AEdilibus
1694 3431 1846 3483 Curu-

123 3486 268 3540 libus,
289 3487 390 3533 sine
416 3486 650 3551 Prologo:
688 3507 785 3538 non
810 3501 881 3539 est
899 3493 1087 3555 placita.
1126 3487 1296 3540 Relata
1319 3503 1390 3538 est
1411 3493 1579 3541 iterum
1603 3494 1724 3542 ludis
1749 3498 1843 3545 Fu-

125 3552 351 3598 nebribus
375 3552 426 3598 L.
450 3553 630 3600 AEmilii
651 3554 801 3608 Pauli,
836 3573 930 3603 non
964 3565 1036 3604 est
1067 3557 1246 3619 placita
1268 3568 1380 3604 tota.
1447 3557 1615 3606 Relata
1646 3571 1716 3607 est
1750 3572 1844 3610 ter-

125 3614 210 3672 tio,
233 3616 293 3666 Q.
320 3617 422 3666 Ful.
441 3618 493 3666 L.
513 3618 692 3666 Martio
709 3620 942 3670 AEdilibus
960 3622 1227 3670 CurulibuS.
1261 3622 1377 3687 Egit
1393 3622 1444 3669 L.
1462 3625 1549 3671 Am
1558 3625 1709 3674 bivius
1719 3626 1841 3675 Tur-

2073 164 2181 217 lxiii
