2314 3944
777 152 1019 207 -ACTUS
1056 151 1124 205 II.
1199 149 1432 207 SCENA
1466 149 1564 203 111.

155 296 477 361 Amicitian13
513 304 598 348 aut
624 303 672 346 te
695 294 874 357 visum,
894 306 982 347 aut
1005 295 1229 347 auditum
1257 294 1407 345 velim
1427 294 1444 345 ἒ
1498 299 1566 345 85

154 369 252 420 Ph.
276 367 349 419 -Si
373 366 695 418 concordabis
722 385 837 418 cum
862 367 964 430 illa,
988 365 1193 417 habebis
1218 383 1332 432 quae
1356 376 1498 418 tuam

152 439 475 490 Senectutem
498 439 746 490 oblectet:
785 437 973 506 respice
997 446 1195 487 aetatem
1218 448 1375 486 tuam.

150 509 251 560 De.
287 507 364 558 Te
383 510 633 561 oblectet:
670 507 761 559 tibi
783 509 928 560 habe.
967 509 1066 559 Ph.
1095 506 1267 558 minue
1289 508 1402 558 vero
1425 507 1565 560 iram.

232 638 235 641 ¹
294 577 400 630 De.
436 580 535 631 hoc
561 599 681 649 age:

150 646 279 702 Satis
294 650 405 720 jam
431 653 692 702 verborum
718 659 806 701 est.
831 649 926 700 nisi
951 659 1006 701 tu
1036 667 1266 718 properas
1301 649 1567 701 mullerem

148 721 432 784 Abducere‚
457 740 552 789 ego
576 723 714 773 illam
740 721 936 789 ejiciam
957 741 968 771 ε
1007 720 1127 782 dixi,
1155 720 1405 772 Phormio,
1497 726 1566 771 90

150 791 251 843 Ph.
276 791 333 842 Si
358 801 413 843 tu
433 793 572 845 illam
591 792 829 861 attigeriS,
849 809 987 842 secus
1011 793 1163 860 quam
1184 790 1393 859 dignum
1416 799 1488 842 est
1504 791 1566 842 li-

290 863 477 927 beram,

145 929 333 985 Dicam
358 933 636 1003 impingam
662 933 755 985 tibi
778 933 1050 1002 grandem:
1088 933 1208 996 dixi,
1235 932 1510 1002 Demipho,

91 1039 102 1046 -
149 1002 205 1054 Si
229 1005 351 1073 quid
374 1023 496 1073 opus
522 1005 686 1070 fuerit,
709 1005 849 1070 heus>
874 1005 1024 1056 domo
1060 1022 1156 1056 me.
1198 1004 1292 1055 Ge,
1318 1004 1561 1072 intelligo,

2085 158 2187 208 221

1621 302 1685 332 aut
1710 301 1749 331 te
1779 294 1953 345 aspicere,
1978 303 2041 333 aut
2067 298 2194 337 audire

1622 347 1774 393 digner?
1822 348 1892 385 Ph.
1933 346 1976 385 Si
2021 361 2106 387 cum
2149 352 2195 389 ea

1622 396 1848 438 concorditer
1867 413 1967 452 agas,
1995 401 2114 439 multa
2131 403 2196 440 de—

1620 452 1839 490 lectamenta
1855 453 1963 490 senili
1992 462 2071 490 tuae·
2093 455 2195 493 aetati

1619 505 1770 542 afferet:
1815 505 2014 550 considera,
2035 509 2195 556 (quaeso,

1620 571 1735 594 annos
1763 567 1861 596 tuOS.
1902 558 1973 596 De.
1997 556 2054 596 Te
2073 560 2194 610 ipsum

1619 612 1743 660 potius
1779 611 1956 648 delectet:
2003 610 2072 648 tibi
2112 624 2195 649 eam

1619 663 1776 713 posside.
1847 664 1922 701 Ph:
1979 661 2196 710 Moderare,

1646 728 1759 761 ιιεεεο,
1805 715 2041 754 iracundiam.
2061 726 2066 731 ·
2122 716 2196 754 De.

1618 729 1780 806 '‘i'andem
1801 766 1892 805 nihil
1917 781 2010 819 opus
2035 775 2092 807 eet
2109 769 2195 821 plu-

1618 820 1718 857 ribus
1730 820 1861 857 verbis.
1879 819 1963 858 Nisi
1983 821 2083 859 illico
2096 820 2195 860 hane

1618 870 1802 909 Phanium
1817 872 2023 920 abducas,'e
2051 887 2074 912 o
2091 871 2194 913 illam

1617 925 1821 975 expellam:
1877 926 1967 971 dixi,
2006 925 2035 963 P
2062 928 2203 974 omnio-¹

1616 977 1686 1015 Ph.
1714 975 1755 1014 Si
1775 987 1818 1015 tu
1836 977 1933 1015 illam
1949 978 2068 1025 aliter,
2080 980 2203 1030 quam·

1616 1031 1816 1080 ingenuam
1838 1039 1874 1067 et
1889 1031 2005 1068 civem
2026 1032 2201 1083 attigerit*

1617 1082 1887 1128 tantummodo,
1904 1085 2088 1121 actionem
2102 1095 2202 1122 con-x
2248 1122 2253 1130 ,

145 1146 198 1175 tra
217 1147 254 1174 tc
271 1139 417 1189 gravem
439 1139 647 1176 intendam:
679 1139 768 1186 dixi,
791 1135 995 1188 Demipho.
1023 1135 1065 1174 Si
1079 1137 1178 1188 quod
1194 1149 1285 1188 opus
1304 1149 1362 1174 me
1379 1134 1565 1182 habueris,
1584 1136 1694 1174 domo
1712 1148 1771 1173 mc
1798 1136 2008 1173 continebo.
2038 1135 2108 1173 Ge.
2126 1134 2199 1174 In«

146 1191 288 1242 telligo.

1000 1282 1333 1322 ANNOTATIO.

196 1398 248 1431 90
276 1389 398 1440 Dixi]
448 1389 532 1428 Hoc
577 1390 689 1429 verbo
734 1390 932 1427 utebantur
976 1389 1140 1439 perorata
1191 1389 1328 1426 tionem
1348 1398 1389 1426 et
1414 1387 1640 1426 ferocitatem
1661 1386 1911 1441 Demiphonis
1943 1388 2105 1428 imitatus
2131 1398 2187 1429 est

143 1444 272 1481 caus-a:
314 1444 376 1482 sed
409 1442 470 1482 hic
501 1444 674 1482 minantis
706 1453 785 1480 est:
814 1442 908 1480 hanc
939 1442 1140 1480 commina-
1193 1443 1322 1480 eodem
1342 1442 1450 1479 verbo
1467 1439 1654 1479 Phormio.

546 1631 946 1700 ACTUS
995 1632 1083 1699 II.
1181 1630 1586 1697 SCENA

1637 1628 1771 1696 III.

297 1808 660 1869 DEMlPHO.
733 1817 945 1870 GETA.
1018 1814 1269 1872 HEero.
1341 1782 1718 1896 οΒΑΤῖΝῂΞ,
1792 1771 2048 1866 CRITQ
2122 1821 2159 1831 .,

140 1957 241 2010 De.
300 1957 539 2014 QUANTA
567 1976 650 2010 me
673 1962 792 2010 cura
817 1967 866 2009 et
889 1957 1228 2010 sollicitudine
1252 1955 1407 2008 afficit
1465 2005 1470 2009 .

141 2029 355 2093 Gnatus,
392 2028 479 2096 qui
516 2046 598 2080 me
635 2040 686 2081 et
721 2049 772 2082 se
809 2028 946 2079 hisce
984 2029 1245 2099 impedivit
1282 2025 1500 2096 nuptiis!

139 2100 322 2170 Neque
348 2103 420 2151 mi
445 2100 498 2151 in
522 2111 845 2170 conspectum
871 2100 1036 2167 prodit
1055 2120 1069 2164 ;
1106 2109 1162 2151 ut
1180 2100 1357 2151 saltem
1381 2099 1535 2150 sciam

138 2170 280 2227 Quid
304 2171 366 2222 de
385 2171 480 2221 hac
505 2189 556 2221 re
581 2171 730 2236 dicat,
755 2171 1015 2240 quidvesit
1038 2170 1319 2222 sententiae,

135 2242 237 2293 Abi
261 2251 316 2293 tu
342 2263 354 2294 :
393 2242 512 2306 vise,
536 2242 802 2293 redieritne
819 2246 943 2311 jam,
968 2259 1032 2292 an
1058 2241 1300 2304 nondum,
1326 2241 1551 2293 domum.

139 2313 232 2364 Ge.
256 2313 352 2365 Eo.
387 2311 490 2364 De.
518 2313 692 2364 videtis
711 2331 810 2382 quo
834 2313 887 2363 in
910 2314 1023 2364 loco
1047 2330 1121 2362 res
1146 2312 1256 2363 haec
1279 2312 1387 2363 siet.
1517 2311 1550 2362 6

134 2383 273 2439 Quid
293 2383 420 2451 ego?
459 2383 558 2448 dic,
581 2384 766 2452 Hegio.
793 2383 897 2436 He.
917 2384 1045 2450 ego?
1073 2383 1334 2436 Cratinum
1355 2400 1550 2446 cense0‚

135 2454 193 2506 Si
215 2455 308 2506 tibi
326 2453 538 2507 videtur,
576 2455 677 2507 De.
701 2456 800 2519 dic,
826 2454 1044 2506 Cratine,
1087 2454 1204 2505 Cra.
1230 2462 1379 2505 mene
1404 2455 1508 2506 vis?

134 2525 240 2578 De.
276 2525 372 2577 Te.
401 2525 518 2579 Cra.
541 2544 653 2594 eg0,
677 2525 863 2596 quaein
887 2543 992 2577 rem
1016 2534 1156 2578 tuam
1175 2525 1289 2589 sint,
1315 2542 1374 2576 ea
1398 2525 1548 2577 velim

277 2596 456 2649 facias:
496 2597 622 2648 mihi
907 2631 909 2633 -

134 2665 222 2717 Sic
245 2665 344 2718 hoc
367 2666 577 2731 videtur,
603 2668 735 2736 quod
758 2676 807 2718 te
835 2669 1036 2719 absente
1059 2667 1144 2719 hic
1166 2666 1297 2718 filius
1375 2689 1378 2696 ·
1484 2671 1550 2718 10

133 2737 272 2805 Egit,
292 2738 481 2789 restitui
507 2737 558 2788 in
583 2738 835 2807 integrum
857 2747 1172 2807 aequomest,
1197 2749 1247 2789 et
1270 2739 1493 2790 bonum:

132 2805 202 2858 Et
224 2807 275 2860 id
299 2808 608 2879 impetrabis,
645 2809 763 2861 dixi,
806 2809 903 2862 De.
931 2809 1013 2861 dic
1039 2824 1191 2872 nunc,
1217 2808 1406 2877 Hegio,

135 2878 241 2932 He,
267 2878 382 2947 Ego
405 2880 577 2931 sedulo
601 2880 738 2931 hunc
757 2880 934 2931 dixisse
952 2878 1099 2932 credo
1120 2885 1132 2931 :¹
1168 2881 1340 2930 verum
1366 2879 1436 2930 ita
1459 2889 1548 2944 est,

134 2950 266 3009 Quot
284 2952 516 3016 homines,
537 2958 608 3001 tot
630 2952 879 3004 sententiae
896 2970 912 3001 .-
952 2968 1070 3003 suus·
1093 2950 1265 3018 cuique
1283 2967 1403 3002 mos,

132 3019 270 3072 Mihi
294 3039 395 3075 non
410 3021 620 3086 videtur,
646 3022 778 3093 quod
802 3023 863 3073 sit
888 3024 1075 3074 factum
1102 3021 1311 3089 legibuS‚
1482 3026 1542 3071 15

1662 1955 1732 1994 De.
1761 1954 1911 1999 Quanta
1925 1957 2187 2007 inquietudine·

1576 2020 1579 2025 ·
1608 2009 1737 2055 animi,
1777 2018 1815 2046 et
1857 2011 2050 2052 anxietate,
2082 2010 2180 2048 filius

1609 2074 1712 2098 meus
1730 2074 1789 2098 me
1816 2063 1943 2113 agitat,
1969 2061 2041 2113 qui'
2066 2075 2126 2100 mc
2142 2071 2182 2100 et

1607 2126 1647 2150 se
1691 2112 1750 2151 his
1791 2114 1975 2166 implicuit
2015 2115 2179 2167 nuptiis!

1605 2178 1726 2216 neque
1745 2167 1783 2204 in
1801 2176 2037 2218 conspectum
2054 2181 2179 2207 meum

1604 2220 1721 2265 venit,
1740 2228 1788 2269 ut*
1800 2219 1927 2257 saltem
1957 2220 2003 2257 ab
2030 2233 2076 2258 eo
2105 2221 2178 2259 dis·

1604 2283 1696 2316 cam,
1717 2272 1808 2323 quid
1824 2272 1869 2308 de
1899 2271 1970 2310 hac
1995 2285 2034 2309 re
2065 2272 2178 2321 dicat,

1604 2324 1736 2374 quidve
1755 2325 1903 2361 sentiat.
1931 2323 2005 2363 Abi
2026 2334 2082 2373 tu,
2098 2325 2178 2364 Ge-

1603 2386 1662 2421 ta;
1692 2377 1766 2414 vise
1792 2376 2002 2422 redieritne,
2020 2391 2066 2414 an
2083 2391 2178 2416 non-

1601 2429 1706 2473 dum,
1738 2429 1901 2467 domum.
1947 2429 2016 2474 Ge.
2039 2429 2099 2468 Eo
2125 2431 2178 2468 vi-

1601 2495 1696 2519 sum.
1742 2482 1812 2519 De.
1848 2480 1992 2519 Videtis
2027 2483 2066 2519 in
2101 2496 2177 2533 quo

1601 2543 1699 2572 statu
1711 2532 1789 2572 haec
1807 2548 1864 2572 res
1879 2535 1948 2572 sita
1966 2536 2025 2572 sit.
2071 2533 2176 2581 Quid

1602 2586 1695 2623 mihi
1713 2587 1895 2637 agendum
1922 2588 2003 2625 est?
2034 2585 2174 2641 Hegio,

1602 2640 1689 2689 quid
1711 2652 1836 2676 censes
1851 2640 1866 2676 ?
1899 2639 1968 2677 He.-
1986 2638 2070 2692 Ego
2087 2653 2176 2679 cen-

1601 2705 1664 2729 seo
1688 2690 1879 2730 Cratinum
1898 2692 2000 2743 prius)
2026 2701 2176 2731 senten—

1601 2744 1690 2780 tiam
1722 2744 1841 2781 dicere
1867 2744 2012 2791 debere,
2043 2745 2075 2782 si
2105 2744 2184 2784 tibi·

1601 2797 1751 2834 videtur,
1819 2797 1888 2834 De.
1927 2795 2019 2843 Dic,
2053 2796 2175 2841 Crati-

1602 2862 1660 2885 nc.
1709 2848 1797 2887 Cra.
1824 2847 1943 2886 Mene
1969 2850 2022 2887 vis
2041 2850 2188 2901 loqui?'

1601 2902 1673 2938 De.
1698 2899 1755 2938 Te
1769 2901 1862 2939 volo.
1885 2902 1973 2940 Cra.
1993 2901 2078 2954 Ego
2091 2916 2174 2954 quae

1600 2954 1674 2991 tuis
1686 2954 1883 2991 rationibus
1893 2954 2116 2999 conducant,
2131 2968 2174 2993 ea

1599 3008 1725 3058 cupio,
1762 3016 1803 3044 ut
1835 3019 1941 3058 egas;
1988 3008 2041 3044 sie
2084 3020 2173 3059 ergo

1598 3071 1756 3096 censeo:
1804 3071 1847 3096 ea
1886 3072 1970 3110 quae
1995 3058 2184 3096 absentiat·

1596 3120 1671 3149 tune
1699 3120 1878 3162 tempore,
1903 3111 1998 3148 filius
2014 3120 2100 3148 tuus
2118 3110 2174 3148 fe-

1595 3165 1659 3208 cit,
1701 3165 1740 3200 in
1786 3165 1971 3215 integrum
2024 3163 2185 3202 restitui·

131 3224 240 3264 posse
258 3221 295 3250 et
312 3212 464 3261 debere;
491 3226 531 3255 et
548 3217 586 3256 id
601 3218 624 3256 *a
636 3218 849 3270 magistratu
864 3216 1060 3254 obtinebis.
1116 3214 1222 3254 Dixi.
1250 3215 1320 3254 De.
1337 3214 1414 3255 Dic
1427 3229 1543 3262 nunc,
1563 3214 1699 3267 Hegio.
1728 3216 1796 3253 He,
1814 3213 1897 3266 Ego
1915 3214 2108 3253 Cratinum
2123 3220 2182 3254 α’

131 3266 246 3304 animi
259 3267 440 3304 sententia
456 3267 588 3307 dixisse
602 3280 715 3320 puto:
752 3271 876 3311 verbm
890 3270 943 3307 ixa
960 3278 1030 3316 est,
1057 3269 1158 3319 quod
1176 3269 1284 3320 vulgo
1296 3270 1416 3313 aiunt,
1443 3267 1551 3311 Quot
1568 3266 1752 3315 homines,
1783 3266 1837 3305 tol
1856 3268 2077 3305 sententiaez'
2102 3281 2169 3308 sua

130 3317 264 3370 cuique
281 3318 407 3370 opinio
425 3319 616 3372 singularis
635 3332 701 3361 est.
730 3320 812 3375 Ego
831 3335 903 3361 non
921 3323 1052 3374 opinor
1069 3334 1152 3372 quae
1171 3321 1314 3373 legibus
1332 3322 1478 3360 decreta
1491 3330 1579 3359 sunt

976 3464 1304 3504 ANNOTATIO.

184 3574 229 3606 11
260 3566 416 3609 Restitui
432 3570 472 3607 in
496 3568 703 3619 inttfflcm]
751 3567 890 3607 Praetor
905 3568 1119 3609 hominibus
1171 3571 1394 3622 captionem.
1412 3578 1447 3607 et
1466 3569 1638 3607 damnum
1653 3569 1851 3608 incideret:
1872 3582 1956 3608 narn
1974 3583 2055 3621 qnae
2072 3569 2166 3608 sactu

128 3618 254 3671 lapsis,
281 3621 336 3659 vel
361 3622 643 3673 circumscriptis
675 3621 935 3667 subveniebat3
977 3623 1009 3660 si
1037 3624 1119 3673 quis
1171 3635 1290 3668 erant,
1315 3622 1622 3660 rescindebantur.
1677 3620 1884 3660 Restituere
1904 3624 1944 3661 in
1961 3624 2162 3675 integrum,

96 3705 101 3710 .
128 3681 244 3720 metu,
265 3673 320 3713 vel
350 3673 490 3722 fraude,
517 3676 590 3714 sive
616 3684 738 3721 aetate,
766 3675 841 3712 sive
868 3674 1048 3722 absentia,
1081 3675 1118 3714 iu
1172 3674 1315 3713 Gallice
1332 3677 1474 3713 relever.
1500 3674 1599 3725 Ang-
1617 3685 1670 3713 το
1689 3685 1833 3713 ΑΝΝυι..
2176 3688 2180 3705 =
