2314 3944
697 124 931 192 'ACTUS
967 135 1063 192 1v.
1109 135 1372 216 ‘scENA
1406 133 1552 190 vm.

104 281 245 338 Inter
267 299 356 335 nos
374 279 495 351 quid
511 279 575 333 sit
598 279 792 334 dictum
817 281 880 334 de
903 280 1120 345 fallacia,

107 353 182 405 Ut
205 357 266 406 ea
287 354 367 405 via
388 355 474 404 abs
498 362 549 403 te
568 364 834 422 argentum
858 352 1167 404 auferretur?
1206 351 1316 404 Me.
1341 351 1461 404 scio·

113 423 208 479 Ch.
243 425 323 478 Ea
366 442 442 476 res
483 442 621 476 nunc
662 424 827 494 agitur
872 424 995 494 ipsa.
1065 423 1175 476 Me.
1226 424 1348 494 quid
1389 423 1533 489 dixti,
1559 464 1567 488 ,

252 496 471 547 Chreme
488 496 506 548 ?
1468 501 1533 548 10

106 566 302 620 Erravi.
326 584 401 618 res
425 576 538 619 acta
563 576 652 619 est.
692 569 881 637 quanta
905 566 966 619 de
988 584 1076 636 spe
1100 564 1294 618 decidi!

113 637 210 693 Ch.
247 638 361 690 Imo
385 638 495 691 haec
520 638 725 708 quidem
749 657 862 710 quae
886 639 1019 708 apud
1042 647 1091 689 te
1116 645 1205 703 est,
1231 636 1533 708 Clitiphonis

109 717 330 833 Amicii-{t
382 779 494 863 Me.
534 780 605 832 ita
627 780 783 834 aiunt.
862 780 950 833 Ch.
989 779 1062 832 Et
1094 790 1153 832 tu
1192 778 1386 832 credis?
1426 778 1534 833 Me.

114 922 207 976 Ch.
255 869 527 975 (ljfflntmiilum
567 921 711 975 aiunt
733 924 862 975 velle
904 939 1129 987 uxorem,
1172 928 1244 986 ut,
1287 923 1404 973 cum
1449 921 1537 978 de-

253 1013 275 1046 s
313 994 526 1059 onderiS,

111 1065 223 1119 Des
245 1013 334 1136 qfii
371 1083 566 1130 aurum,
601 1083 660 1116 ac
688 1074 892 1130 vestem,
935 1073 1085 1135 atque
1123 1065 1248 1133 alia,
1264 1083 1380 1135 quae
1413 1083 1537 1135 opus

256 1147 388 1201 sunt,
415 1145 686 1205 comparet.
1476 1145 1537 1191 15

113 1209 222 1261 Me.
249 1209 311 1260 Id
333 1216 408 1258 est
425 1208 679 1276 profecto:
706 1206 757 1258 id
781 1206 960 1258 amicae
984 1207 1198 1260 dabitur.
1228 1208 1316 1260 Ch.
1347 1207 1540 1260 scilicet

112 1280 403 1334 Daturum?
459 1278 571 1333 Me.
612 1278 678 1330 ah
698 1276 709 1329 !
762 1279 942 1330 frustra
987 1279 1141 1348 igitur
1185 1280 1379 1349 gavisus
1426 1297 1539 1332 sum

257 1368 428 1403 mlser.

113 1421 326 1478 Quidvis
349 1430 521 1473 tamen
538 1420 644 1491 jam
670 1421 821 1485 ma10,
845 1423 998 1491 quam
1022 1421 1162 1474 hunc
1179 1421 1425 1475 amittere.

115 1492 257 1548 Quid
281 1510 418 1544 nunc
442 1492 743 1544 renunciem·
763 1493 848 1544 abs
871 1503 922 1544 te
946 1510 1256 1563 responsum,
1283 1494 1536 1546 Chreme?

115 1563 198 1615 Ne
216 1564 397 1616 sentiat
421 1582 504 1615 me
527 1564 749 1628 sensisse,
774 1572 922 1634 atque
946 1569 1079 1634 aegre
1104 1568 1228 1617 ferat
1248 1567 1265 1618 ?
1468 1570 1539 1616 20

121 1635 212 1687 Ch.
270 1634 428 1704 AEgre
445 1636 475 1707 ἓ·
515 1635 733 1687 nimium
777 1635 871 1702 illi,
916 1636 1241 1702 Menedeme,
1289 1636 1540 1706 indulges-

260 1707 366 1758 Me.
402 1707 544 1763 sine:

117 1776 386 1847 Inceptum
447 1787 553 1830 est:
625 1777 810 1849 perfice
870 1779 966 1832 hoc
1027 1780 1158 1832 mihi
1226 1789 1544 1851 perpetuum,

264 1849 499 1901 Chreme.
985 1887 988 1903 .

123 1919 235 1988 Ch„
255 1919 359 1971 Dic
383 1919 707 1983 convenisse3
744 1922 900 1990 egisse
925 1930 975 1974 te
1001 1923 1062 1975 de
1084 1923 1286 1993 nuptiiS.

118 1989 232 2047 Me.
269 1991 490 2044 Dicam:
529 1992 651 2062 quid
675 1992 891 2045 deinde?
935 1995 1026 2047 Ch.
1055 2014 1139 2048 me
1163 1997 1414 2047 facturum
1439 2011 1543 2046 esse

262 2081 435 2115 omnia
449 2081 477 2125 ;4

122 2132 384 2186 Generum
408 2136 636 2202 placere:
674 2137 925 2203 postremo
949 2137 1121 2203 etiam,
1144 2137 1185 2188 si
1211 2139 1359 2201 voleS‚
1473 2144 1541 2191 25

119 2203 438 2275 Desponsam
456 2222 656 2276 quoque
680 2222 785 2258 esse
808 2208 978 2264 dicito.
1016 2209 1124 2261 Me.
1148 2210 1285 2273 hem,
1305 2209 1432 2260 istuc
1457 2227 1544 2260 vo-

265 2278 472 2329 lueram.

127 2344 220 2399 Ch.
257 2347 423 2398 Tanto
445 2350 595 2417 ocyus
618 2357 668 2400 te
687 2360 744 2401 ut
760 2359 949 2419 poscat,
977 2362 1028 2404 et
1046 2360 1103 2403 tu
1128 2351 1195 2416 id,
1216 2352 1348 2421 quod
1367 2351 1525 2421 cupiS‚

123 2418 297 2474 Quam
335 2419 576 2488 ocyssime
599 2429 658 2471 ut
692 2421 794 2474 des.
853 2423 962 2476 Me.
998 2424 1163 2493 cupio,
1242 2423 1330 2476 Ch.
1370 2441 1451 2475 nae
1489 2434 1545 2476 tu

265 2490 574 2558 propediem,

124 2558 197 2610 Ut
222 2559 365 2611 istam
386 2579 493 2613 rem
518 2562 678 2626 vide0,
703 2562 841 2615 istius
862 2566 1224 2619 obsaturabere.

126 2630 229 2682 Sed
251 2631 364 2683 haec
390 2642 445 2683 ut
467 2642 524 2683 ut
547 2642 679 2698 sunt,
705 2636 891 2698 cautim
913 2646 962 2687 et
985 2637 1230 2705 paulatim
1251 2637 1405 2703 dabis,
1476 2643 1547 2690 30

125 2701 182 2753 Si
206 2702 380 2771 sapies,
417 2704 527 2757 Me.
564 2705 765 2758 faciam.
834 2706 923 2759 Ch.
959 2707 1041 2759 abi
1065 2708 1231 2760 intro:
1268 2709 1398 2774 vide,
1426 2710 1548 2780 quid

268 2776 500 2843 postulet.

124 2843 241 2912 Ego
261 2845 400 2896 domi
423 2863 524 2910 ero,
543 2848 584 2898 si
604 2848 723 2916 quid
748 2867 831 2900 me
855 2851 1003 2904 voleS.
1043 2849 1156 2901 Me.
1176 2851 1293 2901 sane
1318 2853 1459 2903 volo:

125 2914 262 2968 Nam
287 2926 336 2967 te
355 2916 596 2970 scientem
619 2919 819 2984 faciam,
839 2921 1081 2991 quidquid
1101 2939 1265 2990 egero.

2054 140 2155 191 143
2226 117 2228 125 '

1581 288 1666 328 quae
1684 273 1858 314 collocuti
1884 288 2012 315 sumus
2029 276 2074 315 de
2091 276 2160 316 fal-

1582 329 1675 368 lacia
1700 329 1740 367 in
1767 337 1805 367 te
1835 342 1902 381 per
1927 343 2074 368 servum
2102 330 2161 368 fa-

1583 381 1733 428 cienda3
1765 382 1908 420 scilicet
1920 391 1965 420 ut
1981 383 2069 420 ficto
2081 396 2161 421 ma·

1583 435 1776 482 aimonio,
1807 444 2002 487 argentum
2033 435 2102 473 tibi
2121 448 2161 473 e-

1585 489 1797 540 riperetur?
1840 489 1920 526 Me.
1937 487 2066 526 Teneo
2084 501 2166 526 me·

1585 541 1702 579 moria
1733 553 1791 587 ea,
1823 541 1868 578 de
1901 541 2037 591 quibus
2065 542 2165 580 inter

1585 607 1654 632 nos
1682 594 1869 632 convenit.
1899 593 1971 632 Ch.
2005 591 2166 632 Fallacia

1586 647 1656 684 ista
1674 659 1771 684 nunc
1789 646 1847 693 fit,
1864 659 1975 697 quam
2001 655 2043 684 tu
2059 656 2167 698 putas

1588 713 1670 736 esse
1704 712 1781 737 rem
1818 701 1965 737 seriam.
2007 700 2087 737 Me.
2127 698 2167 738 Ο

1588 751 1765 798 Chreme,
1792 752 1883 803 quid
1907 753 2060 790 dixisti?
2098 751 2170 790 fal·

1589 817 1651 842 sus
1671 818 1766 841 sum.
1781 842 1785 855 ‹
1798 807 1852 842 sic
1866 818 1921 842 res
1938 813 2018 843 acta
2035 813 2104 852 est,
2123 813 2168 844 ut

1589 857 1761 908 decipiar.
1784 857 1932 908 ‘quanta
1958 872 1975 895 s
2005 871 2025 895 e
2047 859 2170 909 priva-

1590 919 1651 948 tus
1691 910 1801 948 sum?
1851 909 1922 948 Ch.
1988 911 2050 948 mo
2083 909 2169 950 haec

1590 960 1762 1009 Bacchis,
1779 975 1863 1013 quae
1890 971 1946 1000 est
1974 965 2012 1000 in
2027 963 2177 1002 aedibus<

1590 1016 1678 1062 tuis,
1698 1024 1757 1052 est
1784 1016 1902 1052 amica
1924 1014 2170 1068 Clitiphonis.

1589 1069 1670 1106 Me.
1707 1066 1771 1105 Sic
1808 1067 1938 1107 dicunt
1972 1069 2085 1117 filius,
2129 1079 2172 1110 et

1591 1121 1698 1159 servi.
1746 1119 1818 1159 Ch.
1857 1119 1910 1159 Et
1941 1129 1987 1159 tit
2021 1123 2172 1162 credis?

1590 1173 1670 1212 Me.
1687 1171 1821 1211 Credo.
1852 1173 1923 1213 Ch.
1939 1172 1993 1212 Et
2002 1174 2057 1213 illi
2074 1176 2172 1215 servi

1591 1227 1720 1264 dicunt
1760 1226 1867 1265 illum
1904 1226 2022 1265 filium
2059 1236 2171 1268 tuum

1592 1278 1754 1317 Cliniam
1767 1289 1895 1330 petere
1909 1280 1979 1318 sibi
1995 1293 2168 1329 uxorem;

1591 1342 1636 1370 ut
1666 1332 1732 1370 ubi
1750 1332 1862 1370 filiam
1886 1345 2005 1371 meam
2033 1334 2073 1371 in
2091 1348 2172 1372 ma·

1591 1386 1808 1425 trimon'mm
1836 1384 1890 1422 illi
1923 1387 2172 1437 promiserim,

1592 1439 1626 1476 ei
1641 1438 1757 1476 tradas
1770 1438 1980 1490 pecuniam,
2001 1440 2075 1490 qua
2087 1445 2175 1478 coe-
2226 1443 2232 1448 '

1592 1500 1668 1529 mat
1704 1500 1920 1529 ornamenta
1963 1505 2085 1539 aurea,
2125 1506 2178 1531 ac—

1592 1543 1825 1592 vestimenta,
1843 1552 1955 1595 atque
1980 1545 2095 1582 alium
2113 1559 2174 1583 or->

1592 1607 1719 1636 natum
1734 1598 1799 1647 qui
1817 1598 1863 1635 ad
1877 1598 2026 1649 nuptias
2047 1599 2174 1649 requi-

1591 1652 1696 1688 ritur.
1730 1651 1811 1689 Me.
1837 1648 1949 1688 Certe
1978 1651 2030 1688 ita
2047 1663 2105 1688 res
2130 1664 2174 1689 se

1591 1701 1723 1741 habet:
1752 1703 1789 1740 id
1811 1712 2005 1755 argentum
2024 1703 2175 1743 dabitur

1597 1757 1726 1794 amicae
1743 1754 1934 1794 Bacchidi.
1972 1756 2042 1795 Ch.
2062 1754 2174 1795 Scili-

1597 1817 1658 1846 cet
1691 1810 1814 1848 credas
1849 1821 1937 1846 eum
1977 1809 2181 1848 daturum?

1595 1862 1676 1900 Me.
1703 1860 1808 1900 Vah!
1837 1862 1951 1914 igitur
1969 1874 2040 1915 ego
2062 1863 2176 1902 miser
2209 1905 2211 1909 Α

1595 1913 1728 1953 frustra
1754 1915 1899 1952 laetatus
1920 1928 2018 1962 sum,
2045 1916 2175 1954 existi-

1596 1980 1700 2006 mans
1733 1967 1851 2006 filium
1878 1968 2089 2019 resipuisse,
2116 1977 2175 2006 ta-

1595 2033 1683 2058 men
1701 2020 1797 2058 maio
1814 2021 1956 2071 quidvis
1986 2019 2079 2059 mihi
2106 2034 2175 2072 pe-

1595 2074 1680 2120 rire,
1720 2072 1831 2124 quam
1872 2073 2002 2112 filium.
2068 2072 2173 2117 Quid

1595 2126 1748 2164 referam
1780 2126 1856 2164 filio
1885 2139 1985 2164 nunc
2015 2135 2056 2164 te
2079 2126 2175 2165 mihi

1596 2179 1840 2230 respondisse,
1854 2177 2029 2227 Chreme,
2042 2193 2090 2217 ne
2102 2179 2175 2218 fili-

1596 2245 1641 2270 us
1657 2232 1841 2284 intelligat
1866 2245 1926 2269 me
1953 2233 2175 2271 intellexisse

1596 2285 1792 2330 fallaciam,
1847 2285 1956 2336 idque
2018 2286 2181 2324 moleste·

1596 2337 1716 2376 ferat?
1761 2337 1831 2377 Ch.
1859 2336 2023 2376 Moleste
2048 2338 2140 2376 ferat
2155 2340 2181 2377 ?'

1598 2389 1636 2428 Ο
1667 2389 1906 2436 Menedeme‚
1939 2392 2095 2429 nimium
2119 2392 2175 2430 illi

1598 2445 1794 2495 permittis.
1847 2445 1926 2481 Me.
1957 2442 2063 2491 Sine,
2093 2445 2174 2494 jam

1576 2498 1722 2556 ¹incepi
1760 2498 1793 2534 ei
1831 2497 2043 2548 indulgere:
2089 2510 2176 2548 per-

1600 2549 1682 2596 fice,
1702 2551 1726 2588 ὁ
1739 2548 1914 2595 Chreme,
1932 2561 1974 2586 ut
1994 2550 2179 2601 perpetui>

1599 2603 1636 2640 id
1668 2602 1760 2640 mim
1791 2602 1912 2639 liceat.
1983 2602 2053 2640 Ch.
2097 2601 2175 2640 Die

1600 2655 1654 2693 illi
1672 2664 1710 2692 te
1725 2668 1784 2692 me
1794 2655 1945 2700 adiissc3
1976 2664 2013 2692 et
2027 2668 2175 2694 mecum

1599 2708 1645 2746 de
1678 2708 1814 2759 nuptiis
1846 2706 2102 2746 contrahendis
2137 2721 2177 2745 e·

1599 2762 1709 2813 gisse.
1777 2761 1855 2799 Me.
1899 2759 2054 2798 Dicam:
2083 2761 2176 2812 quid

1598 2814 1758 2865 postea?
1801 2812 1872 2852 Ch.
1899 2812 1976 2851 Dic
2008 2827 2069 2851 me
2096 2826 2177 2851 esse

1598 2866 1782 2904 facturum
1797 2867 1935 2911 omnia,
1953 2879 2037 2917 quoe
2054 2869 2174 2918 petit3

1599 2919 1658 2957 dic
1674 2932 1820 2970 quoque
1838 2927 1983 2971 gratum
2011 2932 2088 2956 esse
2108 2920 2177 2956 mi-

1600 2971 1654 3018 hi,
1670 2985 1754 3010 eum
1775 2971 1867 3009 mihi
1885 2984 2062 3023 generum
2083 2972 2180 3008 fieri:

126 3020 312 3070 postremo
329 3020 360 3057 si
379 3020 491 3068 voles,
504 3022 618 3060 dicito
636 3010 747 3061 filiam
767 3037 883 3062 meam
900 3024 921 3062 a
940 3038 999 3062 me
1025 3024 1092 3076 ipsi
1111 3024 1325 3076 desponsam
1350 3038 1441 3062 esse.
1482 3026 1561 3064 Me.
1580 3025 1711 3064 Filiam
1722 3035 1824 3062 tuam
1842 3025 1908 3075 ipsi
1923 3038 2002 3062 esse
2021 3025 2177 3075 despon-

126 3072 232 3109 sam?
262 3069 364 3119 hem,
377 3074 570 3124 cupiebam
588 3086 625 3113 te
640 3075 721 3113 haec
739 3078 874 3123 dicere,
897 3086 941 3115 ut
957 3078 991 3115 ei
1004 3078 1271 3115 renunciarem.
1315 3077 1387 3116 Ch.
1405 3077 1480 3116 Dic
1495 3078 1548 3116 illi
1566 3080 1647 3124 ista,
1662 3086 1706 3115 ut
1723 3079 1829 3115 tanto
1847 3079 1957 3114 citius
1976 3077 1997 3113 a
2010 3085 2048 3115 te
2065 3089 2177 3127 pecu-

128 3124 225 3160 niam
244 3133 361 3174 petat,
379 3134 418 3163 et
431 3134 473 3163 tu
487 3127 539 3164 illi
554 3130 666 3178 quam
683 3131 857 3167 citissime
870 3131 969 3181 quod
986 3132 1088 3182 cupis
1105 3129 1157 3167 illi
1175 3130 1274 3176 dare,
1290 3131 1460 3178 largiaris.
1488 3132 1567 3170 Me.
1583 3131 1706 3179 Cupio
1722 3131 1811 3177 dari,
1830 3129 2074 3180 quodcunque
2092 3142 2182 3180 μσς-κ

129 3184 201 3212 cet.
233 3176 301 3214 Ch.
316 3176 424 3215 Certe
438 3188 483 3216 ut
495 3183 686 3219 considero
699 3193 906 3234 sumptum,
920 3197 1031 3234 quem
1045 3197 1083 3220 es
1102 3182 1281 3230 facturus,
1299 3179 1451 3228 brevite
1468 3186 1616 3224 satietas
1630 3185 1749 3234 capiet
1768 3183 1873 3220 istius
1889 3182 1967 3219 filii.
2022 3179 2111 3228 Sed,
2127 3182 2178 3219 ita

131 3238 172 3265 ut
186 3227 244 3265 hoe
258 3241 314 3266 res
332 3242 371 3267 se
399 3228 550 3278 habent,
565 3236 595 3271 si
614 3237 795 3286 sapienter
814 3237 865 3273 vis
877 3245 915 3274 te
931 3249 1073 3288 gerere,
1093 3236 1194 3274 dabis
1210 3248 1405 3287 argentum
1423 3250 1508 3275 cum
1527 3239 1625 3275 omni
1644 3236 1785 3274 cautela
1804 3245 1840 3272 et
1859 3235 2044 3272 minutim.
2098 3235 2178 3272 Me.

129 3277 189 3317 Ita
205 3279 346 3319 faciam.
378 3281 446 3320 Ch.
461 3282 535 3321 Abi
549 3287 699 3325 domum
715 3299 813 3326 tuam
830 3304 838 3326 :
868 3289 948 3326 vide
966 3289 1055 3339 quid
1070 3297 1184 3340 petat.
1200 3302 1270 3340 ego
1291 3290 1445 3327 manebo
1457 3290 1571 3338 domi,
1584 3293 1612 3327 si
1630 3289 1717 3340 qnid
1735 3288 1835 3325 voles
1849 3301 1908 3328 me
1923 3286 2052 3325 faCffl'e·
2095 3288 2175 3325 Me·-

105 3362 107 3367 .
130 3330 228 3370 Sane
245 3333 347 3371 volo:
377 3348 458 3373 nam
479 3335 572 3376 nihil
591 3335 719 3378 faciam
735 3343 931 3393 quicquam
951 3342 1019 3379 nisi
1035 3355 1080 3380 ex
1099 3353 1164 3379 tuo
1182 3343 1347 3385 consilio.
