2314 3944
1122 182 1229 233 1139

553 435 965 509 ACTUS
1016 434 1145 504 JV.
1240 430 1666 502 SCENA
1714 431 1802 500 V.

827 627 1213 684 CHREMES.
1287 625 1537 680 SYRUS.

158 792 372 849 cthrA
395 809 478 845 me
499 792 551 844 di
573 791 832 854 amabunt,
856 799 914 840 ut
933 803 1071 839 nunc
1097 782 1397 837 Menedemi
1415 781 1581 835 vicem

153 865 371 921 Miseret
395 882 477 916 me
495 883 510 928 3
549 872 745 915 tantum
771 859 1024 912 devenisse
1048 857 1111 909 ad
1134 874 1251 907 eum
1277 854 1416 907 mali.

149 936 384 989 Illancne
409 934 674 987 mulierem
693 934 825 984 alere
850 929 1078 984 cum'illa
1100 926 1331 980 familia?

154 1008 271 1060 Etsi
295 1008 415 1072 scio,
437 1008 589 1058 hosce
613 1004 804 1074 aliquot
821 1003 925 1055 dies
949 1018 1055 1052 non
1071 999 1252 1053 sentiet
1260 1018 1277 1064 ;

156 1079 236 1131 Ita
260 1097 445 1148 magno
467 1075 711 1130 desiderio
734 1076 831 1127 fuit
855 1074 903 1125 ei
921 1073 1085 1125 filius:
1548 1076 1580 1121 5

152 1150 348 1202 'Verum
368 1149 457 1200 ubi
473 1147 664 1199 videbit
686 1156 848 1197 tantos
873 1144 968 1196 sibi
992 1151 1222 1212 sumptus
1247 1139 1388 1193 domi

158 1221 492 1277 Quotidianos
514 1218 640 1282 fieri,
665 1236 760 1270 nec
783 1216 890 1268 fieri
915 1216 1143 1279 modum,

158 1292 371 1361 Optabit
393 1309 589 1343 rursum
608 1300 666 1340 ut
685 1290 830 1341 abeat
851 1289 914 1339 ab
933 1306 986 1338 se
1005 1286 1156 1338 filius·

156 1362 340 1434 Syrum
365 1363 573 1432 optume
609 1379 807 1412 eccum.
885 1359 975 1431 Sy.
1014 1375 1152 1410 cesso
1183 1355 1320 1407 hunc
1358 1353 1575 1405 adoriri?

305 1434 397 1486 Ch.
423 1434 560 1504 Syre.
601 1433 690 1504 Sy.
717 1433 857 1484 hem.
1439 1425 1579 1494 [dari.

155 1504 299 1561 Quid
338 1506 448 1556 est?
497 1513 549 1556 te
591 1503 720 1556 mihi
762 1503 926 1573 ipsum
960 1501 1072 1572 jam
1116 1499 1308 1551 dudum
1346 1498 1582 1567 optabam

162 1577 253 1629 Ch.
289 1577 474 1628 Videre
494 1575 651 1644 egisse
669 1574 781 1644 jam,
803 1573 972 1625 nescio
997 1572 1116 1641 quid
1142 1589 1260 1622 cum
1284 1587 1415 1622 sene.
1519 1574 1577 1620 ll

158 1646 254 1719 Sy.
290 1647 374 1699 De
394 1648 484 1699 illo
502 1648 637 1715 quod
662 1645 888 1697 dudum?
927 1644 1121 1695 dictum
1144 1643 1334 1694 factum
1355 1639 1564 1692 reddidi.

162 1718 256 1773 Ch.
294 1719 492 1771 Bonfin’
520 1718 657 1770 fide?
702 1717 789 1789 Sy.
822 1717 957 1768 bona
990 1715 1175 1766 hercle.
1216 1711 1309 1767 Ch.
1343 1731 1445 1764 non
1469 1730 1584 1783 pos-

302 1808 415 1842 sum
439 1789 562 1858 pati,

160 1859 304 1915 Quin
326 1861 420 1913 tibi
444 1870 596 1930 caput
620 1860 954 1923 demulceam,
979 1856 1163 1908 accede
1186 1856 1306 1920 huc,
1327 1853 1486 1923 Syre?

159 1931 367 1984 Faciam
389 1932 511 1982 boni
529 1931 623 1982 tibi
646 1931 835 2000 aliquid
855 1948 944 1999 pro
969 1929 1063 1980 ista
1086 1945 1155 1991 re,
1174 1946 1232 1978 ac
1257 1928 1450 1978 lubenS.
1519 1930 1581 1976 15

164 2002 254 2074 Sy.
293 2005 364 2054 At
383 2003 424 2054 si
449 2003 590 2067 sciaS,
610 2005 760 2072 quam
786 2002 909 2053 scite
930 2002 983 2052 in
1007 2008 1230 2052 mentem
1257 1998 1448 2049 venerit
1470 1995 1481 2047 !

163 2074 254 2127 Ch.
294 2073 437 2127 Vah!
475 2074 688 2143 gloriare
703 2074 924 2125 evenisse
944 2091 1008 2123 ex
1030 2071 1314 2122 sententia?
1452 2068 1578 2136 [est?

162 2144 253 2217 Sy.
293 2147 416 2198 Non
452 2146 623 2197 hercle
646 2146 792 2197 verb:
830 2143 1156 2196 verumdicO.
1203 2139 1300 2194 Ch.
1337 2141 1435 2203 dic,
1461 2140 1595 2208 quid.

163 2215 254 2287 Sy.
292 2216 394 2268 Tui
423 2216 725 2285 Clitiphonis
749 2233 852 2267 esse
877 2215 1093 2267 amicam
1114 2214 1247 2265 hanc
1270 2211 1581 2265 Bacchidem

160 2287 474 2340 Menedemo
497 2288 623 2340 dixit
641 2287 822 2350 Clinia,
847 2296 899 2338 et
921 2289 980 2337 ea
1003 2285 1163 2354 gratia
1497 2288 1585 2334 ,20

161 2358 353 2410 Secum
377 2359 654 2423 adduxisse,
677 2377 741 2410 ne
767 2358 818 2410 id
840 2367 897 2408 tu
921 2357 1315 2427 persentiscereS.

167 2427 263 2483 Ch.
303 2429 482 2483 Probe.
536 2429 627 2502 Sy.
667 2430 749 2481 dic
768 2430 922 2483 sodes,
978 2427 1072 2483 Ch.
1100 2427 1335 2493 nimium,
1359 2426 1582 2495 inquam.

310 2500 399 2574 Sy.
437 2502 541 2553 imo
565 2504 604 2552 si
629 2501 770 2553 sciaS.

162 2571 266 2624 Sed
288 2573 436 2642 porro
453 2574 677 2624 ausculta
699 2573 834 2642 quod
857 2580 1077 2640 superest
1099 2569 1331 2622 fallaciae.

163 2640 285 2694 Sese
305 2644 410 2712 ipse
434 2643 731 2696 dicettuam
753 2643 930 2695 vidisse
954 2643 1144 2706 filiam3

160 2713 274 2769 Sibi
298 2714 654 2784 complacitam
694 2714 799 2786 ejus
838 2715 1069 2779 formam,
1106 2721 1369 2782 postquam
1406 2728 1585 2780 aspex-

307 2787 402 2838 erit
417 2806 429 2817 ·
1515 2787 1583 2833 25

164 2854 320 2910 Hanc
345 2825 529 2926 cupere
563 2875 789 2910 uxorem.
850 2855 943 2910 Ch.
981 2855 1198 2908 modone
1234 2872 1348 2925 quae
1384 2853 1587 2904 inventa

306 2930 413 2980 est?
457 2928 547 3001 Sy.
573 2946 717 2981 eam:
1405 2924 1583 2993 [Syre?

163 2995 237 3048 Et
261 2999 463 3067 quidem
481 3001 684 3071 jubebit
706 2998 860 3068 posci.
906 2998 994 3049 Ch.
1021 3016 1172 3067 quam
1208 2999 1273 3049 ob
1296 3015 1403 3048 rem
1443 2997 1586 3061 istuc,

164 3067 300 3120 Nam
325 3087 553 3138 prorsum
578 3071 708 3122 nihil
733 3070 978 3137 intelligo.
1057 3070 1143 3141 Sy.
1172 3069 1278 3133 hui,
1301 3068 1468 3120 tardus
1492 3084 1560 3119 es.

166 3138 264 3192 Ch.
291 3139 532 3193 Fortasse.
573 3142 658 3214 Sy.
685 3152 947 3210 argentum
970 3141 1168 3192 (labitur
1185 3140 1231 3190 ei
1250 3141 1312 3192 ad
1339 3138 1553 3208 nuptias,

162 3211 382 3274 Aurum,
429 3223 579 3280 atque
620 3224 808 3265 vestem
857 3214 961 3282 qui,
1006 3213 1246 3264 tenesne?
1308 3210 1401 3264 Ch.
1448 3227 1589 3260 com-

308 3291 449 3349 paret
468 3283 485 3332 ?
1519 3286 1589 3338 30

1691 782 1761 822 Ch.
1789 781 1848 820 Ita
1866 795 1925 820 me
1943 783 2151 833 diijuvent,
2166 791 2210 821 ut

1632 848 1736 875 nunc
1782 837 1957 873 misereor
1984 837 2211 878 incommodi
2259 839 2267 844 “

1633 886 1851 927 Menedemi
1866 905 1876 933 ς
1906 889 2046 926 scilicet
2057 899 2161 927 tanta
2171 890 2212 927 in

1634 954 1721 979 eum
1752 941 1846 978 mala
1864 941 2049 979 cecidisse.
2104 941 2210 980 Itane

1634 1003 1706 1040 est,
1726 1003 1769 1031 ut
1792 994 1920 1031 alenda
1938 996 1987 1031 sit
2013 996 2048 1031 ei
2078 995 2211 1033 mulier

1635 1046 1698 1084 illa
1717 1045 1912 1098 (Bacchis)-
1922 1060 2008 1086 cum
2023 1056 2130 1085 tanto
2145 1061 2214 1086 an-

1634 1099 1798 1137 cillarum
1829 1101 2036 1138 comitatu?
2067 1097 2211 1143 Quam-

1633 1153 1687 1190 vis
1718 1166 1794 1190 non
1831 1165 1911 1189 snm
1932 1154 2087 1191 nescius
2124 1166 2212 1196 eum

1633 1207 1731 1257 aegre
1756 1219 1830 1243 non
1859 1205 2019 1243 laturum
2048 1219 2114 1257 per
2142 1206 2213 1244 ali.-

1633 1270 1725 1309 quot
1747 1259 1824 1296 dies
1852 1267 1996 1296 tantum
2026 1261 2213 1310 impensa-

1632 1325 1714 1349 rum
1743 1325 1851 1356 onuS‚
1875 1311 1965 1348 adeo
1997 1312 2213 1351 desideravit

1632 1363 1751 1402 filium
1782 1364 1920 1402 videre:
1965 1365 2030 1402 sed
2064 1366 2213 1416 quando

1636 1426 1833 1470 cognoscet
1880 1427 2000 1455 tantos
2041 1428 2212 1470 sumptus

1635 1471 1800 1521 quotidie
1835 1470 2022 1508 faciendos
2055 1485 2134 1509 esse
2159 1473 2214 1509 -in

1636 1523 1746 1561 domo
1784 1523 1864 1569 sua,
1902 1523 2015 1574 idque
2059 1524 2215 1563 omnino

1636 1576 1731 1614 ultra
1748 1577 1914 1622 modum,
1929 1577 2052 1614 denuo
2068 1578 2213 1628 cupiet,

1635 1639 1678 1667 ut
1694 1630 1787 1667 filius
1802 1630 1823 1667 a
1837 1643 1876 1667 sc
1894 1629 2066 1667 discedat.
2109 1629 2213 1671 Ecce

1635 1680 1699 1720 hic
1718 1681 1850 1735 Syrum
1879 1683 2097 1734 opportune.
2141 1683 2214 1735 Sy.

1637 1733 1740 1778 Quid
1771 1749 1891 1773 moror
1919 1736 2037 1773 verbis
2064 1738 2215 1788 aggredi

1638 1786 1903 1827 Chremetem?
1938 1788 2006 1826 Ch.
2027 1787 2130 1841 Syre.
2145 1789 2218 1841 Sy.

1637 1839 1754 1888 Hem,
1782 1842 1870 1892 quid
1888 1842 1968 1878 est?
1991 1842 2214 1892 jamdudum

1637 1895 1885 1932 desiderabam
1916 1904 1952 1931 te
1986 1893 2079 1933 mihi
2108 1895 2215 1934 obvi-

1636 1947 1696 1985 am
1727 1947 1863 1986 offerri.
1907 1946 1976 1986 Cli.
2008 1946 2152 1986 Videris
2174 1962 2216 1986 e-

1662 2001 1731 2038 isse
1753 2001 1831 2050 jam
1861 2002 1987 2038 nescio
2012 2001 2100 2050 quid
2127 2014 2214 2040 cum

1634 2015 1875 2091 §lenedema
1904 2054 1974 2104 Sy.
1992 2053 2055 2092 De
2078 2054 2139 2093 illa
2158 2068 2215 2101 re,

1635 2120 1743 2157 quain
1764 2107 1873 2159 longe
1889 2108 1976 2143 ante
2006 2108 2216 2149 communi-

1635 2161 1870 2197 caveramns?
1903 2158 1958 2196 Ut
1980 2160 2071 2206 dixi,
2087 2161 2140 2198 sic
2157 2158 2216 2198 ef-

1633 2211 1720 2250 feci.
1751 2211 1820 2251 Ch.
1838 2211 1985 2250 Verane
2003 2213 2121 2250 dicis?
2142 2213 2215 2265 Sy.

1636 2263 1707 2303 Per
1751 2263 1955 2302 Herculem
1992 2267 2075 2303 vere
2116 2266 2215 2309 dico.

1641 2317 1710 2356 Ch.
1731 2317 1820 2355 Non
1848 2317 1999 2368 possum
2028 2319 2216 2359 abstinere

1636 2382 1681 2409 ut
1716 2385 1791 2409 non
1828 2370 1897 2408 tibi
1930 2380 2040 2423 caput
2071 2372 2216 2410 demul-

1636 2437 1754 2471 ceam,
1780 2425 1829 2461 ita
1864 2422 1955 2461 mihi
1987 2424 2121 2475 places.
2175 2423 2215 2462 Ο

1638 2476 1743 2529 Syre,
1773 2478 2024 2527 appropinqua
2054 2477 2100 2514 ad
2130 2491 2212 2516 me:

1638 2529 1768 2568 faciam
1787 2530 1854 2567 tibi
1873 2529 2011 2580 aliquid
2028 2529 2128 2568 ,boni
2146 2543 2215 2581 pro

1637 2583 1707 2621 ista
1736 2582 1885 2628 astutia,
1921 2582 2033 2632 idque
2069 2582 2218 2622 lubenti

1637 2637 1774 2675 animo.
1828 2635 1897 2686 Sy.
1929 2634 2005 2673 Sed
2031 2637 2070 2674 si
2102 2636 2216 2676 scires
2248 2635 2250 2638 ’

1637 2689 1817 2739 quantum
1827 2689 2020 2740 ingeniose
2031 2689 2216 2728 adinveni.

1642 2741 1712 2781 Ch.
1730 2740 1836 2778 Vah!
1866 2741 1906 2778 in
1935 2739 2008 2780 hoc
2027 2741 2098 2779 tibi
2123 2739 2217 2780 falsu

1638 2794 1788 2832 fortasse
1819 2791 1917 2844 apud
1943 2806 2006 2840 me
2032 2794 2218 2847 gloriaris,

1638 2849 1737 2898 quod
1767 2859 1825 2885 res
1856 2848 2018 2886 evenerit
2043 2856 2086 2886 ut
2117 2847 2217 2886 vole-

1638 2901 1730 2938 bas?
1770 2899 1840 2951 Sy.
1877 2898 1967 2938 Non
2004 2899 2216 2939 mehercule

1637 2955 1743 2991 verb:
1772 2966 1899 2990 verum
1923 2953 2019 2990 dico.
2051 2952 2120 2992 Ch.
2138 2951 2214 2991 'Dic

1637 3005 1726 3056 quid
1760 3003 1832 3043 boc
1862 3006 1946 3043 est?
1992 3006 2063 3055 Sy.
2083 3004 2216 3043 ‘Clinia

1639 3059 1735 3097 dixit
1791 3059 1859 3096 atri
1885 3057 1954 3095 su'o
1986 3049 2217 3097 Menedemo

1638 3110 1735 3150 hanc
1764 3072 1989 3149 ij3acchidem
2018 3124 2096 3148 esse
2122 3111 2216 3148 ami-

1639 3178 1718 3203 cam
1740 3164 1802 3202 filii
1831 3164 1886 3200 tui
1913 3162 2158 3214 Clitiphonis,
2176 3173 2215 3202 et

1640 3231 1679 3255 se
1695 3230 1775 3254 eain
1799 3216 1990 3253 adduxisse
2018 3229 2143 3254 secum
2171 3217 2216 3254 ea

1642 3271 1685 3308 de
1719 3269 1840 3315 causa,
1874 3282 1919 3306 ne
1957 3278 1999 3306 tu
2035 3269 2072 3306 id
2095 3270 2216 3320 perci-

1642 3335 1758 3373 peres.
1783 3321 1850 3358 Ch.
1870 3319 2038 3371 Optime,
2051 3321 2142 3358 scire
2157 3321 2215 3364 in·

166 3386 330 3415 ventum.
358 3378 426 3429 Sy.
444 3377 520 3417 Dic
534 3382 630 3428 vere,
655 3381 796 3418 amabo.
829 3381 898 3419 Ch..
917 3379 1031 3418 Valde
1050 3381 1156 3425 scite,
1176 3380 1339 3429 inquam.
1380 3379 1448 3429 Sy.
1478 3376 1558 3415 Im&
1586 3377 1700 3426 magis
1720 3375 1808 3410 scite
1834 3375 2040 3418 inventum,
2060 3374 2089 3410 si
2108 3374 2215 3411 scias.

166 3430 240 3468 Sed
259 3431 389 3468 deinde
403 3431 485 3468 audi
504 3433 601 3482 qnod
620 3434 799 3483 reliquum
819 3443 872 3470 est
886 3434 1043 3470 astutiae.
1097 3431 1114 3469 I
1117 3446 1181 3483 pse
1202 3431 1323 3469 Clinia
1343 3431 1441 3467 dicet
1471 3444 1509 3466 se
1536 3429 1665 3465 vidisse
1691 3437 1790 3463 tuam
1823 3426 1934 3462 filiam
1960 3425 2213 3477 Antiphilam,

165 3484 318 3533 ejusque
337 3482 646 3534 pulchritudinem
673 3485 742 3522 sibi
770 3485 1046 3536 complacuisse,
1065 3485 1128 3521 nbi
1148 3486 1306 3535 primum
1338 3484 1433 3520 illam
1462 3482 1570 3524 vi‹lit;
1601 3492 1750 3516 uxorem
1769 3491 1871 3515 suam
1888 3491 1965 3515 esse
1980 3479 2085 3517 velle.
2142 3480 2213 3518 Ch.

166 3535 321 3574 Dicisne
335 3548 416 3572 eam
431 3549 539 3586 quam
559 3538 667 3587 paulo
685 3538 768 3574 ante
788 3545 946 3574 nostram
972 3550 1050 3574 esse
1070 3538 1268 3587 reperimus
1286 3538 1300 3573 ?
1337 3537 1405 3586 Sy.
1429 3533 1614 3571 Eandem:

1645 3542 1682 3568 et
1708 3532 1804 3567 certe
1824 3530 2012 3568 mandabit
2039 3545 2118 3568 eam
2135 3531 2156 3569 a
2174 3541 2213 3569 te

165 3589 204 3627 in
225 3601 373 3625 uxorem
391 3589 480 3638 peti.
529 3588 598 3626 Ch.
616 3588 692 3626 Cur
709 3588 800 3626 dicis
824 3590 936 3634 istud,
962 3587 1077 3640 Syre?
1109 3602 1193 3626 nam
1220 3589 1372 3625 omnino
1398 3598 1602 3623 sermonem
1629 3594 1732 3620 (num
1766 3597 1840 3620 non
1866 3584 1982 3633 capio.
2023 3584 2093 3634 Sy.
2112 3583 2213 3630 Vah,

166 3641 277 3692 quam
295 3641 385 3677 tardi
403 3654 442 3676 es
461 3641 613 3691 ingenii,
634 3642 697 3691 qui
715 3642 822 3678 verba
841 3655 921 3678 mea
935 3654 1007 3678 non
1027 3643 1168 3692 capias!
1203 3641 1271 3678 Ch.
1292 3639 1457 3676 Fortasse
1471 3639 1506 3675 id
1525 3640 1560 3675 in
1582 3637 1690 3673 causa
1706 3643 1774 3672 cst.
1801 3635 1870 3686 Sy.
1889 3633 2054 3673 Pecunia
2068 3636 2215 3674 dabitur

165 3693 299 3730 Cliniae
314 3693 359 3730 ad
376 3693 534 3744 nuptias,
551 3693 624 3743 qua
643 3702 740 3730 emat
758 3702 970 3731 ornamenta
995 3706 1116 3740 aurea,
1133 3693 1361 3737 indumenta,
1385 3691 1564 3729 mundum
1584 3699 1621 3726 et
1641 3687 1926 3740 supellectilem3
1956 3688 2210 3741 intelligisne?

170 3745 241 3785 ch.
258 3744 456 3785 Pecuniam
475 3746 548 3796 qna
564 3755 662 3785 emat
680 3746 752 3786 sibi
772 3746 881 3784 talia?

197 3899 206 3919 l
