2352 3952
0 3758 23 3845 :3³12
0 3465 28 3742 „wt-Wwv
0 3351 7 3451 --ε
0 3222 17 3337 μω.-
0 3184 2 3193 v<

787 141 1280 228 ‚TEREN'HANA
1320 103 1330 160 .·
1407 125 1414 133 ’

186 298 254 358 Q.
287 295 534 358 Consetius
567 295 844 342 redeuntem
874 292 902 341 ὲ
936 293 1123 341 Graecia
1154 293 1342 357 periisse
1375 293 1424 340 in
1459 307 1589 340 mare
1622 292 1756 352 dicit,
1792 311 1907 344 cum

76 358 90 371 s
125 393 128 397 ’
187 369 382 415 centum
406 374 453 412 et
475 373 585 412 octo
609 362 780 410 fabulis
805 361 1038 409 conversis
1062 360 1087 408 ὲ
1115 361 1398 408 Menandro.
1448 360 1638 420 Caeteri,
1662 369 1907 410 mortuum

187 450 285 482 esse
306 434 354 480 in
377 430 597 479 Arcadiae
621 427 916 493 Stymphalo,
940 430 1034 475 sive
1057 428 1313 485 Leucadia,
1336 429 1546 490 tradunt,
1571 428 1661 476 Cn.
1685 428 1910 477 Cornelio

189 499 455 557 Dolabella,
493 498 566 545 M.
604 497 774 545 Fulvio
809 496 1056 559 Nobiliore
1090 496 1383 553 consulibus,
1409 497 1578 543 morbo
1603 496 1910 559 implicitum,

187 567 290 614 acri
315 566 478 614 dolore
513 581 571 612 ac
605 564 747 612 taedio
782 564 1060 610 amissarum
1094 561 1384 620 fabularum,
1417 579 1534 624 quas
1567 563 1617 610 in
1642 563 1751 610 navi
1786 580 1912 627 prae·

189 634 394 690 miserat,
417 649 474 680 ac
498 632 640 680 simul
665 631 954 688 fabularum,
978 645 1095 692 quas
1118 633 1259 675 novas
1283 629 1477 676 fecerat.
1550 630 1711 678 Fuisse
1734 631 1912 679 dicitur

189 701 419 748 mediocri
443 701 639 757 statui-fi,
662 698 826 760 gracili
850 711 1066 759 cor-pore,
1091 696 1252 742 colore
1275 695 1430 743 fusco.
1497 696 1713 760 Reliquit
1747 698 1912 756 filiam,

191 783 303 831 quae
331 767 495 830 Equiti
535 767 754 813 Romano
794 763 967 827 nupsit.
1036 762 1157 809 Item
1196 762 1411 809 hortulos
1447 775 1530 810 sex
1544 764 1798 827 jugerum,
1834 764 1913 813 via

189 833 368 900 Αρρίἂ,
394 836 455 882 ad
479 834 652 882 Martis
675 832 852 889 villam,
879 831 974 893 quo
997 830 1144 903 magis
1167 830 1316 877 miror
1339 829 1566 878 Porcium
1589 831 1822 880 scribere·

1036 957 1123 1006 Nil
1146 958 1338 1006 Publius

323 1026 483 1090 Scipio
491 1025 684 1089 profuit
708 1008 825 1070 nihil
845 1003 889 1073 ei
909 1024 1093 1079 Laelius,
1115 1023 1180 1070 nil
1200 1024 1378 1080 Furius,

326 1094 434 1140 Tres
443 1106 528 1154 per
550 1090 664 1136 idem
687 1099 854 1152 tempus
874 1091 954 1153 qui
974 1090 1208 1154 agitabant
1229 1091 1396 1138 nobiles
1404 1092 1651 1148 facillime.

321 1158 490 1206 Eorum
512 1157 590 1202 ille
607 1154 743 1216 operti
766 1171 818 1201 ne
841 1154 1017 1202 domum
1041 1156 1220 1219 quidem
1242 1156 1395 1203 habuit
1417 1157 1753 1212 conductitiam,

204 1219 210 1227 ’
244 1277 255 1290 .
326 1222 496 1269 Saltem
516 1231 566 1268 ut
588 1231 692 1267 esset
717 1220 805 1284 qud
827 1223 1012 1279 referret
1034 1221 1201 1269 obitum
1220 1222 1394 1269 domini
1412 1223 1622 1272 servuluS.

194 1334 340 1410 Hunc
374 1335 598 1397 Afranius
634 1349 828 1414 quidem
864 1336 1084 1412 omnibus
1117 1349 1325 1399 Cornicis
1363 1350 1551 1415 praefert
1571 1369 1587 1409 3
1626 1351 1834 1401 scribens
1867 1351 1918 1406 in

195 1418 532 1483 Compitalibus
552 1435 563 1464 :
922 1443 925 1446 <

325 1545 531 1592 Terentio
553 1561 642 1591 non
661 1545 848 1591 similem
873 1544 995 1592 dices
1019 1546 1288 1608 quempiam.

190 1671 444 1729 Volcatius
465 1654 626 1721 autern
650 1687 744 1718 non
770 1671 922 1717 solum
943 1670 1128 1728 Naevio,
1152 1677 1199 1718 et
1221 1671 1409 1731 Plauto,
1432 1676 1481 1718 et
1503 1671 1719 1730 Caecilio,
1739 1659 1820 1720 'sed
1844 1673 1921 1721 Li·
1956 1693 1959 1700 ·

194 1740 322 1789 cinio
346 1754 536 1804 quoque
560 1738 817 1802 postponit.
885 1737 1055 1819 Cicero
1080 1738 1128 1785 in
1147 1738 1344 1786 Limone
1367 1738 1598 1786 hactenus
1622 1740 1817 1788 laudat:

279 1867 397 1914 Tu
418 1881 600 1930 quoque,
625 1866 704 1929 qui
723 1867 841 1912 solus
859 1865 972 1911 lecto
992 1880 1198 1920 sermone,
1229 1865 1421 1920 Terenti,

326 1930 585 1978 Conversum
606 1944 938 1993 expressumque
959 1929 1135 1977 Latinci
1155 1947 1261 1978 voce
1283 1930 1598 1978 Menandrum

318 1999 376 2044 In
393 1997 540 2044 medio
559 1998 718 2059 populi
739 1997 905 2043 sedatis
924 1995 1105 2043 vocibus
1127 1999 1267 2056 effers,

324 2063 558 2126 Quidquid
577 2078 698 2109 come
720 2063 912 2126 loquens,
934 2079 990 2109 ac
1011 2064 1162 2109 omnia
1185 2062 1342 2110 dulcia
1363 2061 1527 2111 dicens.

839 2185 959 2233 Item
997 2187 1056 2234 C.
1091 2184 1274 2234 Caesar.

327 2305 396 2362 Tu
416 2299 588 2368 quoque
607 2313 654 2350 tu
677 2304 726 2349 in
749 2305 938 2359 summis,
963 2302 989 2349 ὂ
1008 2303 1250 2352 dimidiate
1272 2266 1546 2362 Menander,

302 2359 535 2428 Poneris,·
571 2380 612 2415 et
634 2370 805 2424 meritd,
824 2371 936 2432 puri
951 2372 1159 2417 sermonis
1180 2381 1372 2417 amator.

320 2435 515 2482 Lenibus
528 2446 657 2498 atque
680 2438 851 2491 utinam
871 2437 1054 2498 scriptis
1074 2436 1292 2498 adjuncta
1299 2439 1427 2493 soret
1447 2438 1518 2483 vis
1570 2485 1576 2492 ,

323 2499 522 2554 comica,
543 2512 592 2547 ut
608 2512 777 2565 aequato
799 2503 940 2548 virtus
952 2502 1144 2564 polleret
1161 2501 1323 2549 honore
1401 2541 1406 2547 .
1455 2526 1459 2529 ·

327 2565 435 2612 Cum
463 2566 648 2619 Graecis,
672 2583 808 2629 neque
829 2569 876 2616 in
899 2565 984 2614 Ιιᾶο
1008 2567 1231 2628 despectus
1242 2578 1377 2630 parte
1382 2568 1576 2629 jaceres.

330 2631 474 2678 Unum
494 2632 574 2678 hoc
595 2647 797 2679 maceror
819 2643 858 2678 et
877 2632 1008 2680 doleo
1032 2632 1118 2679 tibi
1140 2633 1294 2689 deesse,
1319 2634 1510 2682 Terenti.
1634 2675 1638 2696 ,

194 2756 315 2804 Haec
348 2756 596 2804 Suetonius
632 2758 968 2821 Tranquillus:
1006 2751 1116 2805 nam
1153 2759 1274 2806 duos
1308 2760 1555 2807 Terentios
1590 2765 1751 2824 poetas
1783 2762 1922 2811 fuisse

193 2824 360 2871 scribit
384 2826 592 2872 Metius:
633 2841 834 2888 quorum
872 2827 992 2872 alter
1015 2827 1318 2889 Fregellanus
1341 2827 1483 2875 fuerit
1502 2829 1748 2876 Terentius
1774 2830 1919 2878 Libo:

172 2900 177 2907 ”
195 2892 319 2938 alter
343 2892 612 2939 Libertinus
633 2894 900 2947 Terentius,
937 2894 1053 2940 Afer
1088 2894 1258 2956 patria,
1285 2896 1343 2940 de
1368 2911 1463 2958 quo
1499 2912 1627 2943 nunc
1662 2897 1923 2959 loquimur.

195 2958 429 3023 Scipionis
454 2960 638 3007 fabulas
662 2960 862 3007 edidisse
885 2961 1177 3039 Terentium,
1199 2962 1433 3026 Valgius
1422 2979 1473 3009 m
1496 2967 1731 3011 Actaeone
1755 2963 1852 3013 ait:

323 3085 416 3132 Hce
438 3100 533 3148 quae
553 3086 966 3143 vocanturfabulae,
990 3088 1115 3149 cujus
1137 3097 1235 3134 sunt
1253 3090 1278 3132 ,9

325 3151 431 3196 Non
453 3150 533 3196 kas
547 3169 560 3195 .·
597 3154 702 3214 quia
710 3154 829 3213 jura
844 3152 1029 3215 populis
1049 3169 1266 3199 recensens
1289 3152 1431 3201 dabat

329 3216 513 3261 Honore
531 3233 696 3263 summo
720 3221 913 3277 affectus,
925 3220 1048 3275 fecit
1056 3217 1249 3275 fabulas
1265 3221 1288 3264 ?
1313 3227 1317 3231 ’

199 3340 327 3387 Duae
347 3345 407 3388 ab
426 3343 725 3405 Apollodoro
744 3343 986 3392 translatae
1004 3362 1100 3392 esse
1118 3345 1349 3394 dicuntur
1365 3347 1601 3403 Comico3
1627 3345 1854 3394 Phormio
1878 3357 1925 3395 et

199 3407 416 3471 Hecyra.
444 3420 651 3472 quatuor
677 3411 870 3474 reliquae
895 3413 924 3459 ὲ
946 3413 1247 3460 Menandro:
1273 3431 1333 3460 ex
1359 3415 1533 3478 quibus
1553 3430 1722 3478 magno
1740 3430 1926 3462 succes-

198 3490 253 3522 su
276 3484 323 3522 et
347 3477 498 3539 pretio
516 3479 646 3526 stetit
662 3479 956 3529 Eunuchus.
985 3480 1182 3546 Hecyra
1197 3486 1323 3547 saepe
1346 3483 1562 3543 exclusa,
1581 3481 1662 3531 vix
1685 3491 1797 3531 acta
1815 3491 1902 3533 est.

2192 155 2255 215 iii
2305 191 2307 194 ·
