2314 3944
0 1969 10 2005 Γ

3 3061 65 3098 ἡ,

1032 85 1130 124 ..ass
1472 114 1477 134 ,

1119 150 1214 198 141
1247 206 1251 209 ί

535 370 930 476 Acriis
1003 401 1124 479 Ν·
1215 397 1621 475 SCENA
1689 399 1806 466 vi.
1866 395 1947 450 α

828 605 1188 680 CLITIPHO.
1266 606 1517 666 SYRUS.

153 768 232 828 Οἱ.
268 773 466 827 NULLA
492 783 565 827 est
587 782 693 826 tarn
717 772 876 825 facilis
899 789 991 836 reS,
1014 769 1137 840 quin
1158 769 1376 822 difficilis
1400 768 1511 833 siet,

146 846 318 901 Quam
342 845 527 897 invitus
551 846 716 897 faciaS.
754 841 835 895 vel
859 861 942 895 me
965 842 1078 893 haec
1108 841 1464 905 deambulatio,

80 911 82 913 ¹
147 916 318 971 Quam
344 936 446 969 non
472 917 730 982 laboriosa,
756 915 821 966 ad
842 915 1137 982 languorem
1164 910 1330 963 dedit!

146 986 260 1040 Nec
280 988 554 1058 quidquam
579 987 739 1056 magis
763 1003 900 1037 nunc
922 994 1111 1047 metuO,
1137 979 1286 1052 quam
1316 1000 1379 1033 ne
1405 982 1572 1034 denuo

147 1058 310 1111 Miser
332 1060 501 1129 aliquo
534 1058 766 1110 extrudar
802 1057 941 1120 hine,
974 1073 1040 1107 ne
1063 1055 1302 1114 accedam
1334 1054 1396 1105 ad
1437 1053 1570 1105 Bac-

291 1130 510 1183 chidem.
755 1127 758 1135 ’
1537 1131 1568 1176 5

149 1200 226 1254 Ut
248 1210 299 1253 te
322 1201 528 1271 quidem
551 1217 726 1252 omnes
745 1199 812 1262 di,
832 1198 956 1262 deae,
975 1199 1220 1268 quantum
1243 1205 1330 1260 est,
1352 1196 1492 1266 Syre,

149 1272 283 1324 Cum
306 1281 393 1324 tuo
411 1272 536 1324 istoc
559 1272 779 1334 invento,
804 1287 1022 1339 cumque
1040 1270 1244 1338 incepto
1267 1267 1501 1336 perduint
1521 1265 1532 1317 !

149 1341 461 1410 Hujusmodi
483 1345 558 1394 mi
581 1360 656 1394 res
680 1359 878 1409 semper
901 1339 1302 1403 comminiscere,

82 1456 128 1495 fi-
148 1412 256 1465 Ubi
279 1432 366 1466 me
390 1413 741 1477 excarnuficeS.
780 1411 870 1484 89.
893 1411 919 1463 Ι
942 1422 999 1462 tu
1023 1412 1146 1463 hinc
1161 1411 1270 1480 quo
1293 1409 1475 1479 dignus
1499 1427 1568 1478 eS.

51 1504 57 1519 ‘
149 1485 321 1540 Quam
341 1488 470 1555 pene
492 1494 580 1536 tua
603 1502 687 1536 me
710 1483 928 1553 perdidit
948 1481 1266 1553 protervitas!
1506 1487 1572 1533 10

153 1556 230 1609 Cl.
267 1557 467 1609 Vellem
502 1557 673 1608 hercle
707 1557 926 1607 factum:
966 1554 1037 1606 ita
1077 1553 1294 1625 meritu'.
1334 1552 1421 1624 Sy.
1458 1569 1569 1612 me-

289 1628 440 1680 ritu'?
479 1627 764 1697 quomodo?

150 1698 249 1751 Nae
273 1717 357 1752 me
381 1699 508 1751 istuc
530 1717 594 1750 ex
614 1708 665 1749 te
688 1697 823 1767 prins
846 1695 1038 1749 audisse
1062 1696 1274 1765 gaudeO,

152 1767 322 1825 Quam
348 1780 611 1839 argentum
631 1770 855 1832 habereS‚
874 1769 1009 1837 quod
1029 1768 1228 1820 daturus
1244 1765 1352 1835 jam
1378 1766 1464 1819 fui.
1504 1780 1509 1786 “

155 1839 228 1894 Cl.
270 1842 410 1898 Quid
433 1841 586 1910 igitur
610 1841 774 1892 dicam
798 1839 893 1890 tibi
913 1839 983 1890 vis
1003 1840 1020 1890 Ρ
1060 1838 1256 1890 abiisti:
1295 1839 1423 1890 mihi

129 1955 132 1957 >
150 1912 389 1965 Amicam
409 1912 631 1975 adduxti,
652 1929 803 1981 quam
823 1927 926 1961 non
948 1909 1148 1961 licitum
1168 1918 1241 1961 est
1258 1918 1479 1978 tangere.
1510 1914 1571 1961 15

156 1983 245 2057 89.
279 1984 399 2036 Jam
423 2001 526 2035 non
549 2001 659 2034 sum
686 1983 854 2033 iratuS.
881 1981 970 2032 sed
987 1981 1109 2033 scin'
1138 1981 1224 2032 ubi
1246 1999 1382 2032 nunc
1401 1982 1465 2032 sit
1481 1980 1574 2032 tibi

150 2054 404 2107 Bacchis?
436 2054 510 2107 CI.
534 2054 667 2123 apud
687 2071 794 2106 nOS.
835 2052 924 2124 89.
949 2070 1066 2104 non.
1098 2053 1172 2105 Cl.
1186 2052 1275 2104 ubi
1301 2054 1452 2121 ergo?
1484 2051 1573 2124 89.

295 2127 428 2196 apud
448 2126 687 2178 Cliniam.

158 2197 236 2251 Cl.
261 2197 409 2250 Perii.
452 2197 541 2269 89.
582 2199 716 2248 bono
754 2195 927 2249 an'imo
961 2212 1040 2247 es:
1071 2193 1179 2266 jam
1219 2205 1483 2263 argentum
1515 2195 1579 2247 ad

297 2287 410 2320 eam
435 2270 641 2331 defereS‚

156 2339 310 2396 Quod
350 2341 397 2390 ei
439 2357 493 2390 es
533 2339 803 2411 pollicitus,
891 2339 964 2391 Cl.
1001 2337 1171 2406 garris,
1207 2337 1376 2390 unde?
1422 2337 1509 2410 89.
1548 2335 1580 2390 a

336 2421 454 2462 atre.

162 2481 244 2535 Cl.
281 2429 438 2533 leudis
462 2482 661 2534 fortasse
686 2499 783 2534 me.
826 2481 915 2554 Sy.
941 2480 1046 2549 ipsa
1070 2498 1122 2532 re
1148 2479 1451 2550 experibere.
1508 2481 1580 2530 20

163 2552 242 2604 Cl.
275 2553 373 2604 Nae
419 2571 514 2622 ego
559 2554 838 2606 fortunatus
883 2553 1036 2604 homo
1084 2570 1213 2604 sum.
1274 2553 1453 2603 deamo
1512 2564 1579 2615 te,

302 2625 437 2692 Syre.
1526 2648 1530 2651 -

162 2695 250 2769 89.
291 2695 393 2747 Sed
435 2704 576 2764 pater
616 2693 880 2764 egreditur.
933 2712 1067 2759 cave,
1104 2694 1379 2764 quidquam
1417 2692 1580 2746 admi-

238 2767 263 2791 *
303 2766 427 2818 ratu’
453 2767 534 2829 εἰς,

160 2838 278 2895 Qua
302 2841 450 2889 causa
471 2838 524 2889 id
545 2835 632 2887 fiat
652 2857 664 2888 ε
701 2835 1038 2887 obsecundato
1058 2836 1110 2888 in
1134 2839 1247 2888 loco
1269 2856 1282 2886 ε

160 2910 314 2967 Quod
339 2908 622 2979 imperabit,
647 2907 802 2960 facito
825 2928 837 2961 :
875 2908 1091 2977 loquitor
1114 2907 1346 2977 paucula.

1626 765 1687 805 Cl.
1714 765 1832 805 Nulla
1862 779 1920 804 res
1950 776 2007 807 est
2038 776 2114 806 tam
2141 767 2199 806 fa-

1622 819 1716 866 cilis,
1735 832 1779 858 ut
1795 819 1950 857 difficilis
1976 833 2049 858 non
2076 821 2199 859 videa·

1623 881 1696 919 tur,
1715 874 1745 909 si
1777 886 1858 911 eam
1886 882 2013 910 contra
2031 874 2198 912 volunta-

1624 933 1700 962 tem
1745 924 1866 963 facias.
1940 925 2066 964 Etiam
2113 925 2214 965 haec'
2259 971 2262 974 ¹

1621 977 1870 1016 deambulatio
1886 980 2030 1016 minimi
2046 979 2198 1028 laboris,

1622 1030 1733 1080 quam
1753 1044 1813 1067 me
1822 1030 2045 1082 defatigavit
2063 1041 2102 1068 et
2120 1033 2199 1070 lan-

1621 1083 1805 1134 guefecit'.
1847 1081 1984 1135 Neque
2014 1097 2114 1122 nunc
2149 1086 2202 1123 ti-

1622 1149 1708 1173 meo
1724 1135 1834 1173 ullam
1849 1149 1926 1174 rem
1943 1138 2070 1188 inagis,
2085 1137 2196 1188 quam

1622 1198 1664 1226 ut
1682 1190 1812 1226 iterum
1834 1190 1955 1237 ejiciar
1970 1189 2059 1227 hinc
2077 1191 2116 1227 in
2133 1191 2201 1228 ali-

1622 1254 1733 1291 quem
1752 1241 1890 1287 lomm,
1912 1255 1956 1279 ne
1975 1243 2114 1292 possim
2143 1244 2199 1281 ire

1622 1295 1668 1332 ad
1685 1295 1854 1332 amicam.
1881 1293 1917 1332 Ο
1932 1293 2199 1346 Syre„utinam

1622 1344 1752 1385 'omnes
1770 1347 1820 1386 dii
1835 1348 2001 1397 deaeque,
2016 1357 2201 1399 quotquot

1624 1408 1725 1445 sunt,
1757 1408 1795 1437 te
1829 1399 1982 1451 perdant
2012 1413 2097 1437 cum
2127 1403 2202 1439 isto

1625 1460 1836 1490 commento
1868 1461 1936 1490 tuo
1960 1462 1998 1490 et
2025 1454 2201 1492 consilio!

1623 1504 1685 1544 Tu
1717 1503 1810 1542 mihi
1842 1519 1988 1556 semper
2013 1508 2202 1558 excogitas

1624 1558 1804 1608 ejusmodi
1823 1571 1894 1604 res,
1920 1559 1957 1595 in
1977 1558 2112 1609 quibus
2140 1566 2201 1597 me

1625 1612 1822 1649 excrucies.
1849 1611 1919 1662 Sy.
1935 1610 1995 1648 Tu
2013 1612 2092 1662 ipse
2111 1610 2202 1651 hinc

1626 1664 1683 1702 abi
1704 1665 1741 1701 in
1772 1663 1904 1701 malam
1933 1677 2026 1710 rem,
2054 1673 2096 1702 ut
2123 1678 2204 1703 me-

1626 1717 1753 1762 ruisti3
1783 1716 1891 1768 quam
1920 1718 2015 1767 pene
2044 1726 2108 1755 tua
2135 1731 2205 1769 pe-

1575 1782 1581 1786 ·
1626 1770 1780 1808 tulantia
1799 1769 1841 1806 ad
1860 1770 2060 1821 perniciem
2078 1770 2203 1822 adegit

1626 1823 1708 1860 me!
1741 1822 1798 1861 Cb.
1815 1821 1883 1860 Per
1898 1820 2113 1869 Herculem,
2127 1824 2206 1862 vel·

1628 1875 1701 1913 lem
1730 1876 1767 1912 id
1797 1876 1973 1920 evenisse,
2002 1876 2051 1913 ita
2067 1875 2202 1928 dignus

1628 1941 1666 1965 es
1685 1929 1808 1966 exitia
1836 1927 1904 1979 Sy.
1925 1927 2099 1980 Dignus?
2129 1931 2205 1980 qua.

1628 1980 1673 2018 de
1690 1982 1824 2019 causa?
1856 1981 1966 2018 Certe
1992 1982 2136 2033 gaudeo
2154 1983 2206 2020 is-

1627 2034 1695 2072 tud
1714 2047 1772 2071 me
1791 2035 1991 2072 convitium
2021 2034 2043 2071 a
2072 2044 2110 2072 te
2137 2048 2205 2073 au-

1628 2085 1755 2132 diisse,
1781 2096 1978 2137 antequam
2006 2089 2203 2137 pecuniam

1628 2140 1800 2190 accipias,
1831 2153 1941 2189 quam
1973 2141 2099 2178 statim
2130 2141 2203 2179 tibi

1629 2202 1884 2230 numeraturus
1896 2206 2005 2230 eram.
2029 2193 2087 2231 Cl.
2100 2191 2207 2236 Quid

1633 2245 1747 2296 igitur
1773 2246 1824 2282 vis
1854 2246 1972 2283 dicam
2000 2246 2098 2284 aliud
2115 2249 2205 2285 eum

1633 2311 1778 2335 causam
1797 2299 1903 2336 aliter
1934 2298 2078 2336 dicendi
2110 2298 2206 2339 mihi

1634 2363 1707 2388 non
1738 2351 1905 2388 dederis?
1950 2349 2038 2388 hinc
2071 2352 2208 2400 disces-

1633 2404 1730 2441 sisti:
1769 2404 1950 2441 adduxisti
1991 2402 2083 2442 mihi
2113 2406 2207 2447 ami-

1630 2470 1725 2502 cam,
1758 2470 1868 2507 quam
1904 2470 1979 2493 non
2014 2456 2233 2508 permittet-¹

1629 2517 1690 2547 tur
1707 2518 1910 2546 attractare.
1938 2509 2006 2560 Sy.
2021 2507 2108 2547 dam
2128 2524 2207 2550 non

1630 2575 1711 2599 sum
1730 2563 1858 2606 iratus,
1878 2572 2026 2612 propter
2057 2562 2203 2602 felicem

1632 2615 1773 2652 exitum
1817 2615 1889 2654 mei
1938 2616 2088 2666 incepti.
2142 2617 2207 2655 sed

1631 2668 1748 2705 scisne
1780 2667 1845 2704 ubi
1882 2681 1981 2706 nunc
2014 2669 2060 2706 sit
2092 2670 2210 2707 amica

1631 2730 1696 2758 tua
1730 2718 1912 2758 Bacchis?
1965 2720 2023 2758 CL.
2058 2707 2131 2759 Est
2167 2723 2206 2759 in

1633 2773 1742 2810 domo
1769 2773 1902 2811 nostra.
1928 2773 1996 2824 Sy.
2026 2772 2117 2811 Non
2137 2785 2211 2812 est.

1640 2827 1702 2864 Cb.
1728 2820 1805 2863 Ubi
1838 2826 1977 2878 igitur?
2007 2828 2075 2877 Sy.
2095 2827 2209 2878 Apud

1634 2878 1806 2916 Cliniam.
1862 2878 1920 2917 Cl.
1953 2877 2096 2916 Occidi.
2135 2880 2207 2930 Sy.

1632 2932 1773 2969 Animo
1798 2932 1896 2969 bono
1922 2944 2019 2968 esto:
2042 2933 2119 2981 jam
2143 2933 2208 2969 de-

1631 2984 1725 3022 feres
1770 2985 1813 3021 ad
1866 2998 1944 3021 eam
1998 2995 2208 3036 argentum,

158 3038 258 3089 quod
276 3039 311 3076 ei
329 3039 541 3090 promisisti.
572 3037 630 3077 CL
647 3036 825 3086 Numi-is,
842 3037 941 3076 unde
960 3037 1058 3075 istud
1077 3045 1271 3088 argentum
1292 3036 1480 3073 sumetur?
1508 3036 1577 3088 Sy.
1597 3036 1630 3074 A
1651 3048 1754 3088 patre
1772 3047 1850 3075 tuo.
1883 3036 1941 3074 Ge.
1962 3035 2124 3075 Fortasse
2144 3034 2217 3074 de?

159 3091 255 3129 rides
270 3103 341 3128 me.
367 3091 436 3142 Sy.
452 3089 650 3143 Experiere
674 3093 755 3141 ipso
774 3090 882 3128 facto.
915 3090 974 3129 Cc.
993 3089 1103 3127 Certe
1118 3102 1187 3140 ego
1205 3103 1286 3127 sum
1302 3087 1415 3126 homo
1438 3088 1660 3135 fortunatus,
1685 3091 1784 3128 valde
1805 3102 1840 3127 te
1859 3103 1952 3133 amo,
1982 3088 2083 3141 Syre.
2137 3090 2210 3141 Sy.

159 3141 250 3186 Qua
265 3142 372 3181 causa
397 3144 464 3181 tibi
478 3143 558 3181 haec
575 3145 734 3196 pecunia
749 3144 926 3189 tradatur,
941 3143 1017 3180 noli
1036 3155 1215 3192 quaerere3
1245 3143 1392 3182 tautum
1406 3141 1606 3186 obsequere
1622 3145 1660 3180 in
1679 3153 1854 3194 tempore.
1910 3140 1983 3178 Sed
2003 3152 2103 3192 pater
2121 3153 2207 3180 tuus

159 3195 271 3233 domo
290 3196 378 3238 exit,
397 3196 477 3233 vide
495 3210 542 3233 ne
559 3206 601 3234 tu
621 3198 740 3234 mirari
754 3198 948 3246 quicquam
967 3196 1129 3240 videaris,
1150 3196 1333 3244 quomodo
1343 3195 1464 3231 evenit
1478 3195 1574 3245 quod
1592 3206 1782 3246 argentum
1799 3195 1952 3245 accipias
1967 3194 2205 3233 deferendum

159 3247 207 3286 ad
226 3245 469 3285 Bacchidem:
496 3248 746 3289 obsecundato
763 3250 800 3287 in
816 3249 910 3288 loco.
963 3247 1092 3288 Facito
1104 3248 1141 3288 id
1154 3248 1254 3300 quod
1270 3248 1484 3302 imperabit:
1515 3247 1664 3302 loquere
1682 3249 1878 3288 admodum
1890 3261 2004 3300 pauca
2018 3247 2140 3296 verba,
2158 3261 2212 3287 ue·

162 3312 209 3340 ex
223 3312 390 3340 sermone
405 3311 470 3340 tuo
486 3301 557 3341 ulla
574 3303 734 3355 suspicio
753 3303 788 3343 ei
804 3302 1003 3343 oboriatur.
