2314 3944
104 149 192 202 *⁶94

114 295 179 330 me
199 301 275 328 non
299 302 346 329 eo
366 289 491 328 animo
512 301 599 328 cum
615 289 690 326 vir·

30 380 34 383 ,
117 346 207 398 gine
229 357 309 382 rem
335 340 523 390 habuisse,
548 352 592 380 ut
619 341 687 378 tibi

33 422 36 425 s
115 397 289 448 injuriam
324 395 502 441 faceoem3
544 394 608 431 sed
641 393 689 431 ab

115 462 241 489 umore
258 450 302 488 ad
328 450 367 486 id
392 447 600 486 faciendum
620 447 690 484 im-

114 503 265 556 pulsum
297 502 424 540 fuisse.
488 500 552 537 Th.
587 497 689 547 Scio,

118 565 158 595 et
183 569 251 607 per
279 553 468 593 Pollucem
495 561 691 604 propterea

114 609 186 647 tibi
223 608 398 646 libentius
443 606 587 643 veniam
631 605 691 643 do.

115 661 207 701 Non
234 662 330 699 adea
360 658 600 697 humanitatis
629 659 717 696 ex-‘

113 729 198 768 pers
215 727 313 759 sum,
342 724 464 762 neque
489 721 565 748 tam
590 712 692 762 igna-

115 781 169 814 ra,
193 776 237 805 ut
255 775 392 816 quanta
409 765 457 802 sit
476 765 608 802 amoris
624 777 691 815 po-

114 822 234 859 tentia
270 831 345 856 uon
376 818 552 856 noverim.
622 817 692 855 Ch.

41 910 46 915 ,
114 873 172 912 Te
199 883 347 922 quoque
366 871 460 919 jam,
485 869 614 917 Thais,
633 871 695 918 *ita

119 939 181 965 me
212 926 264 963 dii
295 933 438 970 ament,
468 936 568 961 nunc
598 935 694 960 amo.

117 981 194 1031 Py.
233 977 360 1016 Etiam
394 989 460 1029 per
500 976 588 1014 deos
624 976 693 1013 tibi

119 1031 378 1076 metuendum,
406 1028 509 1077 hera,
533 1029 580 1067 ab
608 1029 694 1076 isto,

119 1087 258 1131 sentio,
294 1088 345 1121 ne·
368 1096 479 1134 quam
519 1081 693 1119 technam

119 1149 158 1176 et
172 1137 337 1175 fraudem
350 1135 471 1173 faciat.
495 1133 499 1137 ⁴
516 1135 584 1173 Ch.
603 1133 693 1173 Non
736 1148 740 1151 ‘

121 1192 256 1237 ausim,
274 1189 418 1228 etiamsi
435 1187 552 1225 velim'
568 1188 695 1240 (prop-

118 1256 176 1283 ter
189 1243 336 1281 fratrem
351 1238 591 1292 Phaedriam).
623 1242 702 1293 Py.

122 1296 279 1335 Nullam
296 1296 405 1333 fidem
417 1295 491 1332 tuis
510 1295 616 1332 dictis
630 1293 697 1331 ha-

121 1350 207 1388 beo.
263 1350 330 1387 Th.
366 1347 396 1386 F
396 1361 437 1386 ac
468 1355 511 1385 ut
537 1347 695 1394 desinas,

90 1425 94 1432 f
121 1402 287 1456 Pythias.
379 1401 449 1440 Ch.
494 1398 610 1438 Nunc
654 1401 694 1438 in

123 1465 243 1504 tuam,
260 1453 391 1501 'rhum
408 1467 469 1492 me
496 1453 543 1491 do
569 1453 695 1500 fidem,

123 1518 163 1548 et
177 1511 217 1548 in
230 1507 442 1551 clientelam
450 1506 570 1552 trad0,
583 1515 695 1556 teque

123 1562 277 1602 obsecro
294 1570 337 1599 ut
354 1561 391 1598 in
400 1559 572 1617 ‘ducenda
583 1572 696 1598 uxore

122 1613 319 1667 Pamphila
352 1627 413 1651 me
450 1613 572 1662 juch.
641 1611 677 1650 Τ
676 1626 698 1650 e

119 1667 219 1708 mihi
229 1676 419 1720 patronam
433 1666 546 1718 eligo,
560 1663 675 1703 Thais
685 1678 719 1712 pa

123 1729 167 1760 te
180 1734 246 1773 per
259 1721 346 1759 deos
363 1719 545 1758 obtestor:
563 1721 700 1757 moriar

125 1775 293 1820 manino,
334 1774 366 1811 si
410 1784 485 1810 non
521 1770 619 1809 hanc
657 1773 698 1810 in

121 1827 447 1877 uxorem-accipio.
474 1825 541 1863 Th.
555 1823 700 1863 Tamen

124 1883 157 1920 si
182 1889 288 1932 pater
310 1879 480 1917 voluerit.
537 1877 609 1917 Ch.
635 1877 698 1916 Ah

126 1935 218 1986 quid
234 1932 408 1971 dubitas?
437 1929 565 1977 Volet,
584 1931 698 1983 probe

126 1987 227 2034 κὶος
241 1985 440 2024 dummodo
448 1982 530 2022 haec
537 1985 586 2022 sit
597 1984 700 2024 civiti.

125 2041 198 2080 Th.
225 2037 267 2077 Si
285 2038 470 2090 paulisper
492 2037 545 2075 vis
565 2050 700 2088 expec-

126 2101 220 2140 tare,
246 2106 333 2131 mox
358 2093 438 2143 ipse
464 2089 575 2128 frater
601 2090 701 2128 illius

125 2144 203 2186 huc
211 2146 432 2187 adventurus
446 2153 518 2190 est,
529 2142 700 2190 Chaerea3

128 2201 315 2239 nutricem
360 2198 428 2235 ivit
471 2197 702 2243 accersitum,

125 2266 212 2304 quae
242 2249 475 2303 Pamphilam
517 2249 704 2301 parvulam

127 2306 240 2348 aluit:
273 2305 321 2343 tu'
332 2306 413 2355 ipse'
428 2303 515 2340 dum
534 2300 705 2340 de'Pam-

126 2358 244 2412 philae
294 2358 437 2409 origine
498 2356 706 2407 inquiretur

155 2425 290 2450 raesens
360 2410 539 2447 intereris.
634 2408 705 2447 Ch.

106 2426 217 2517 “ffigo
246 2464 332 2502 verb
364 2461 583 2515 exspectabo
616 2462 705 2500 dum

131 2517 333 2562 Chremes,
360 2515 427 2554 hic
466 2515 575 2552 adsit.
639 2514 706 2553 Th.

128 2569 249 2609 Visne
269 2564 431 2615 interea,
456 2569 544 2606 dum
576 2568 606 2605 is
632 2565 706 2606 huc

129 2624 241 2671 redit,
269 2622 370 2661 domi
393 2634 621 2667 maneamus,
640 2634 707 2672 po-

131 2678 208 2715 tius
235 2675 347 2726 quhm
372 2673 436 2712 hic
467 2682 553 2713 ante
581 2673 702 2712 fores?

135 2729 208 2769 Ch.
227 2727 310 2766 Ima
327 2726 566 2766 vehementer
583 2728 706 2779 cupio.

131 2783 206 2834 Py.
225 2780 430 2826 Quidnam,
449 2793 587 2830 quaeso,
605 2793 708 2818 nunc

133 2835 275 2874 factura
299 2834 367 2871 es?
423 2834 489 2871 Th.
515 2833 707 2874 Quidnam

131 2888 210 2932 ita?
240 2888 314 2939 Py.
330 2885 440 2924 Tune
453 2886 613 2936 quaeris?
640 2886 704 2924 An

133 2939 236 2991 hunc
253 2950 311 2986 tu,
339 2953 430 2991 quae,
448 2939 494 2976 ab
512 2951 557 2976 co
580 2939 706 2977 delusa

135 2999 188 3040 ea,
221 2994 320 3031 intro
343 2992 438 3030 aedes
463 2989 620 3070 posthae
647 2991 710 3030 nd-

132 3048 284 3090 mittere
316 3046 472 3097 cogitas.
535 3045 602 3082 Th.
633 3043 710 3082 Cur

135 3100 241 3138 non?
299 3100 372 3150 Py.
400 3096 526 3136 Faciet
551 3097 711 3148 aliquam

133 3154 280 3191 turbam
309 3152 355 3190 de
385 3152 552 3203 integr-03
593 3151 712 3189 verbis

658 142 1134 235 '1³..TERENT11
1172 116 1596 204 EUNUCHUS.
1641 146 1654 154 “’

740 287 861 340 Non
886 305 972 339 me
994 287 1381 354 fecissecaussa,
1400 289 1488 342 sed
1503 290 1701 346 amoris.
1782 290 1883 347 Th.
1898 304 1906 315 ‘
1922 292 2046 360 sci0‚

742 359 813 413 Et
835 361 922 428 pol
946 370 1207 428 propterea
1229 361 1390 429 magis
1414 379 1552 415 nunc
1577 362 1782 432 ignosco
1804 364 1914 418 tibi.
2091 365 2168 433 ρθ

742 430 865 481 Non
889 430 1014 482 adcb
1038 431 1326 483 inhumano
1341 432 1548 501 ingenio
1567 451 1697 498 sum,
1722 433 1950 502 Chaerea,
2217 484 2223 488 .

741 501 925 571 Neque
945 512 1049 554 tam
1070 503 1320 573 imperita,
1339 513 1411 569 ut,
1431 503 1551 572 quid
1571 522 1712 557 amor
1729 508 1904 572 valeat,
1924 507 2164 562 nesciam.

750 571 846 650 Ch.
901 573 978 625 Te
1027 579 1227 643 quoque
1265 572 1391 644 jam,
1447 575 1621 641 Thais,
1676 577 1747 630 ita
1794 595 1877 632 me
1923 578 1995 631 dii
2036 581 2167 633 bene

885 656 1076 709 ament,
1106 663 1240 698 ωηο.
2058 651 2167 720 [go.

748 714 854 787 Py.
889 716 1025 767 Tum
1049 719 1134 785 pol
1158 719 1221 768 ab
1247 716 1371 768 istoc
1390 716 1501 780 tibi,
1518 716 1656 782 hera,
1681 718 1959 782 cavendum
1980 721 2171 775 intelli-

752 786 840 841 Ch.
879 787 998 839 Non
1024 788 1198 841 ausim.
1257 785 1381 860 Py.
1421 788 1550 840 nihil
1586 790 1680 841 tibi
1706 791 1979 862 quidquam
1999 792 2166 845 credo‘.

896 854 985 910 Th.
1013 859 1222 911 desinas,
2059 893 2061 896 ·
2097 869 2167 915 45

754 928 804 982 C
800 931 844 983 h.
870 930 1028 982 Nunc
1045 949 1139 1000 ego
1157 942 1207 983 te
1227 932 1280 984 in
1300 931 1398 983 hac
1416 950 1468 984 re
1489 931 1616 984 mihi
1634 949 1724 984 oro
1739 943 1796 984 ut
1814 932 2032 1003 adjutrix
2049 934 2169 988 sies:

747 1001 864 1071 Ego
883 1018 967 1053 me
983 1014 1084 1054 tuae
1106 1002 1410 1055 commendo
1434 1013 1485 1055 et
1506 1004 1773 1056 committo
1796 1001 1933 1058 fidei.
2019 1057 2029 1062 ,

746 1075 824 1125 Te
844 1073 973 1125 mihi
997 1083 1258 1143 patronam
1285 1074 1453 1144 cupi0,
1475 1075 1746 1128 Thaisrte
1765 1078 2007 1130 obsecro:

747 1145 998 1209 Emoriar,
1024 1145 1064 1197 si
1090 1163 1196 1197 non
1219 1147 1351 1198 hanc
1377 1165 1587 1199 uxorem
1609 1143 1817 1200 duxerO.
2174 1155 2192 1185 ¹

756 1216 847 1270 Th.
872 1217 1070 1268 Tamen
1088 1217 1129 1268 si
1150 1229 1305 1286 pater.
1347 1216 1438 1270 Ch.
1466 1218 1616 1288 quid?
1644 1219 1709 1270 ah
1728 1221 1878 1284 volet,
1898 1221 2034 1272 certo
2052 1219 2175 1285 scic,

749 1287 884 1340 Civis
906 1289 1057 1358 modo
1080 1288 1194 1340 haec
1211 1289 1292 1342 sit.
1374 1291 1471 1341 Th.
1499 1291 1764 1359 paululum
1787 1291 2060 1360 opperirier
2101 1298 2167 1345 51

749 1359 805 1411 Si
829 1359 918 1424 vie,
936 1358 1043 1429 jam
1069 1361 1218 1412 frater
1242 1361 1347 1430 ipse
1380 1361 1467 1413 hic
1491 1362 1651 1413 aderit
1674 1361 1912 1430 virginis:
2143 1356 2149 1360 '

748 1431 1017 1483 Nutricem
1037 1432 1336 1500 accersitum
1355 1432 1431 1497 iit,
1451 1450 1567 1502 quae
1587 1432 1727 1484 illam
1745 1433 1870 1485 aluit
1884 1436 2172 1503 parvolam:

748 1502 811 1554 In
837 1503 1186 1571 cognoscendo
1209 1512 1316 1555 tute
1342 1503 1446 1574 ipse
1467 1503 1555 1555 hic
1578 1502 1755 1568 aderiS,
1779 1503 2002 1559 Chaerea.
2232 1567 2237 1572 ,

755 1572 848 1628 Ch.
884 1575 1000 1643 Ego
1023 1575 1141 1627 verb
1166 1593 1366 1628 maneo.
1447 1574 1548 1628 Th.
1587 1575 1727 1628 visne
1751 1575 2105 1642 interea‚-dum
2132 1576 2176 1629 is

890 1645 1045 1711 venit,
1452 1682 1454 1686 -
1897 1705 1900 1707 μ
2108 1653 2175 1701 55

749 1717 911 1768 Domi
930 1715 1451 1789 opperiamur‘potiDS,
1470 1718 1625 1787 quam
1650 1717 1737 1769 hic
1756 1727 1874 1771 ante
1896 1719 2120 1786 ostium?

756 1788 846 1840 Ch.
887 1788 999 1840 Imh
1014 1791 1271 1861 percupio,
1347 1787 1454 1862 Py.
1492 1807 1645 1860 quam
1667 1799 1724 1841 tu
1749 1807 1862 1842 rem
1874 1793 2062 1858 actura,
2085 1793 2179 1845 ob-

894 1879 1049 1926 secr0,
1074 1863 1154 1914 es?
1867 1896 1869 1899 <

759 1931 850 1986 Th.
890 1931 1027 1984 Nam
1053 1933 1176 2005 quid
1199 1933 1303 1986 ita?
1345 1932 1451 2005 Py.
1476 1933 1693 2004 rogitas?
1732 1932 1871 1985 hunc
1890 1944 1946 1985 tu
1971 1934 2023 1986 in
2045 1933 2177 1986 aedes

895 2003 1086 2073 cogitas
1210 2049 1213 2057 .
1859 2005 2007 2073 [meae
2023 2003 2142 2058 fidei
2158 2023 2175 2070 3

755 2074 1002 2144 Recipere
1027 2076 1261 2146 posthac?
1330 2075 1388 2129 T
1386 2077 1432 2128 h.
1457 2094 1548 2129 cur
1571 2076 1707 2128 non?
1774 2075 1879 2146 Py.
1907 2077 2056 2130 crede
2079 2076 2179 2128 hoc

755 2146 914 2199 Dabit
935 2147 1020 2198 hic
1043 2147 1266 2218 aliquam
1293 2166 1518 2219 pugnam
1543 2148 1723 2200 denuo,
1802 2137 1898 2201 Th.
1934 2165 2016 2214 au,
2050 2148 2180 2211 tace,

897 2219 1119 2275 obsecrO.

760 2287 866 2360 Py.
905 2288 1090 2342 Parum
1115 2291 1421 2361 perspexisse
1442 2290 1548 2362 ejus
1565 2290 1733 2343 videre
1756 2289 2038 2344 audaciam.

763 2358 859 2413 Ch.
877 2360 996 2412 Non
1005 2361 1429 2433 faciam‚PythiaS.
1450 2364 1552 2436 Py.
1563 2379 1666 2415 non
1682 2364 1767 2430 pol
1777 2363 1942 2428 credo,
1955 2362 2182 2426 Chaerea,

758 2431 875 2485 Nisi
898 2433 940 2484 si
965 2433 1292 2487 commissum
1328 2453 1431 2487 non
1460 2436 1573 2487 erit.
1655 2433 1750 2488 Ch.
1793 2434 1934 2504 quin,
1958 2434 2180 2503 Pythias,

758 2504 839 2555 Tu
866 2521 950 2555 me
968 2516 1176 2559 servato,
1250 2507 1352 2590 Py.
1377 2524 1542 2576 neque
1564 2507 1651 2576 pol
1673 2505 1981 2558 servandum.
1995 2505 2088 2558 tibi

761 2574 1053 2645 Quidquam
1074 2576 1190 2628 dare
1209 2595 1386 2642 ausim,
1412 2594 1577 2647 neque
1594 2586 1646 2630 te
1671 2595 1865 2629 servare
1887 2598 1899 2631 :
1936 2594 2096 2647 apage
2115 2586 2185 2632 te.

767 2645 871 2700 Th.
918 2647 1130 2717 Optime
1154 2649 1293 2702 adest
1315 2649 1420 2720 ipse
1443 2650 1609 2703 frater.
1690 2647 1786 2703 Ch.
1823 2647 1957 2719 perii⁴
1975 2648 2144 2700 hercle
2163 2669 2179 2702 z

802 2740 807 2749 ·
900 2719 1123 2784 obsecm,
2111 2723 2181 2771 66

759 2789 1015 2842 Abeamus
1040 2791 1188 2856 intrb,
1211 2791 1397 2844 Tha‘l's:
1436 2794 1555 2845 nolo
1579 2810 1663 2844 me
1687 2791 1742 2844 in
1764 2792 1847 2844 via

760 2861 895 2929 Cum
918 2861 1015 2914 hac
1034 2871 1166 2914 veste
1189 2862 1371 2917 videat.
1450 2863 1546 2918 Th.
1585 2854 1913 2934 quamobrem
1935 2858 2178 2914 tandem?

903 2951 966 2984 an
994 2934 1111 3004 quia
1135 2934 1316 3003 pudet?
1966 2931 2185 3001 [sequor.

767 3002 863 3058 Ch.
885 3004 944 3056 Id
964 3006 1143 3075 ipsum.
1168 3004 1274 3079 Py.
1294 3005 1344 3057 id
1366 3005 1559 3075 ipsum?
1579 3005 1717 3074 virgo
1733 3003 1879 3055 verb?
1906 3001 2004 3055 Th.
2023 3002 2048 3054 Ι
2063 3020 2186 3072 prae,

761 3074 845 3128 Tu
869 3075 980 3129 istic
1000 3095 1168 3144 mane,
1192 3090 1247 3129 ut
1268 3076 1541 3130 Chremem
1566 3076 1869 3141 introducaS,
1893 3072 2111 3144 Pythias·

2111 2199 2310 2270 6·οὛ

60 3229 69 3235 κ
135 3207 230 3247 meis
248 3205 357 3243 fidem
374 3203 521 3242 adhibe.
577 3204 645 3242 Th.
671 3203 748 3251 Au,
775 3212 871 3253 tace,
889 3217 966 3245 oro.
1020 3207 1093 3259 Py.
1117 3204 1208 3245 Non
1227 3206 1314 3244 satis
1331 3215 1558 3260 compertam
1574 3205 1711 3245 habere
1735 3206 1868 3245 videris
1896 3205 1975 3256 ejus
2000 3197 2189 3245 confideuss

135 3259 241 3297 tiam.
298 3258 366 3320 Ch.
395 3255 486 3295 Non
504 3256 634 3295 faciam
652 3256 752 3308 quod
769 3261 916 3306 vereris,
935 3258 1098 3312 Pythias.
1151 3261 1225 3323 Py.
1252 3257 1343 3297 Non
1397 3262 1439 3299 er'
1454 3258 1643 3301 Pollucem
1663 3260 1788 3307 credo,
1809 3257 1978 3306 Chaerea,
1995 3257 2189 3309 nieipost·

136 3325 248 3361 quam
269 3309 363 3349 nihll
377 3311 399 3348 a
414 3320 449 3347 te
463 3310 549 3348 mali
566 3309 707 3348 factum
721 3309 835 3350 fuisse
852 3320 1082 3364 compertum
1097 3311 1222 3351 fircrrt.
1280 3313 1350 3351 Ch.
1399 3313 1474 3360 mo,
1491 3311 1657 3365 Pythias,
1671 3321 1713 3350 tu
1732 3325 1791 3350 me
1808 3321 1963 3358 servato.
2015 3311 2089 3362 Py.
2106 3308 2189 3347 Ne·

136 3377 293 3415 quemer
310 3365 396 3401 deos
414 3363 484 3401 tibi
500 3363 699 3414 quidquam
717 3365 934 3404 servandum
944 3365 1034 3411 dare
1047 3366 1183 3412 ausim,
1202 3377 1322 3416 neque
1340 3375 1377 3404 te
1394 3379 1554 3405 servare:
1582 3378 1698 3418 apage
1716 3374 1754 3403 te
1773 3365 1794 3403 a
1808 3378 1880 3405 me.
1934 3364 2000 3402 Th.
2026 3362 2192 3405 Advenit

137 3418 345 3467 opportune
363 3417 439 3467 ipse
456 3415 567 3454 frater
581 3414 786 3468 Pamphilae
803 3415 994 3457 Chremes.
1053 3416 1122 3458 Ch.
1141 3415 1236 3456 Perii
1250 3415 1434 3457 mehercle
1449 3433 1458 3456 z
1484 3418 1652 3466 obsecro,
1665 3416 1796 3464 Thais,
1812 3419 1910 3456 intro
1928 3417 2026 3455 aedes
2037 3424 2165 3455 umus
2177 3412 2210 3452 ξ’

139 3470 227 3506 nolo
241 3483 300 3507 me
318 3470 355 3506 in
371 3470 427 3507 via
442 3479 484 3506 ut
499 3467 678 3507 Chremes
693 3470 744 3507 ita
758 3472 930 3509 vestitum
948 3470 1080 3510 videat.
1135 3472 1213 3516 Th.
1229 3469 1483 3513 Quamobrem
1499 3471 1676 3512 tandem?
1707 3484 1753 3509 an
1771 3472 1858 3521 quia
1871 3480 1910 3509 te
1929 3468 2070 3523 pudet?
2116 3466 2191 3507 Ch.

137 3520 183 3583 id
202 3522 323 3572 ipsum
340 3535 424 3559 nem
454 3535 474 3560 e
492 3531 560 3584 est.
613 3523 686 3574 Py.
714 3520 758 3561 Id
774 3524 924 3576 ipsum?
955 3523 1072 3578 Virgo
1090 3525 1175 3570 vero
1191 3516 1323 3563 vitiata
1335 3538 1382 3566 an
1402 3526 1536 3580 pudori
1553 3524 1650 3566 suit?
1682 3525 1751 3566 Th.
1768 3521 1927 3575 Praeit05
1955 3534 2100 3578 sequar.
2127 3517 2192 3560 Tu

139 3572 251 3615 rsthic
269 3587 392 3624 mane,
441 3573 577 3628 ythras,
595 3583 640 3617 ut
652 3573 891 3619 Chremetem
905 3577 1059 3621 domum
1076 3577 1302 3623 introducu-

217 3652 224 3660 ⁸
324 3652 332 3665 Q
