2340 3964
121 1154 395 1227 'Redeunti
420 1173 624 1235 interea,
650 1188 713 1222 ex
733 1169 844 1239 ipsa
867 1185 920 1220 re
945 1169 1019 1219 mi
1043 1166 1223 1220 incidit
1246 1168 1496 1237 suspicio:

97 3558 100 3563 .
153 3526 338 3576 pudicitiae
355 3526 525 3565 mulieres
543 3528 821 3577 adhibebantur,
838 3545 921 3583 quae
940 3533 1004 3570 uni
1032 3533 1152 3571 solnm

785 172 1019 227 ACTUS
1054 173 1126 228 ΙΙ.
1201 171 1438 227 SCENA
1474 174 1542 228 II.

140 324 282 386 Tuus
316 330 459 391 pater
492 318 646 372 modo
680 334 764 368 me
798 315 1096 386 prehendit:
1134 314 1205 367 ait
1238 315 1330 368 tibi
1358 335 1568 369 uxorem

283 391 401 445 dare
423 409 528 442 sese

140 464 329 527 Hodie,
350 463 472 514 item
497 461 596 513 alia
620 461 796 524 multa,
820 478 934 528 quae
956 476 1094 514 nunc
1115 475 1220 510 non
1241 467 1315 510 est
1333 459 1568 511 narrandi

283 537 437 587 locus,

139 603 396 657 Continuo
430 605 493 655 ad
532 614 581 655 te
615 618 900 673 properanS,
925 617 1160 669 percurro
1193 599 1257 651 ad
1293 600 1476 664 forum,
1502 609 1570 651 <ut

283 676 449 727 dicam
475 675 569 726 tibi
594 675 722 725 haec.
1016 731 1019 737 ,

141 747 248 799 Ubi
270 755 322 798 te
347 765 449 798 non
479 745 697 809 inveniO,
735 743 806 795 ibi
841 741 1059 815 ascendo
1096 740 1150 791 in
1187 741 1442 815 quendam
1480 760 1569 794 ex-

283 820 473 869 celsum
498 819 688 869 locum.
1151 866 1153 868 ,

140 889 524 958 Circumspicio.
566 900 838 957 nusquam„
860 884 985 935 forte
1012 883 1082 935 ibi
1112 881 1259 953 hujus
1283 882 1428 935 video
1442 882 1571 952 Byr-

349 961 376 990 „
469 981 480 993 .
1381 966 1389 969 ⁴
1499 960 1532 1005 2

143 961 514 1100 Rogoriuiildlgat
539 1029 730 1080 vidisse.
753 1025 882 1078 mihi
918 1026 1218 1077 molestum:
1257 1024 1378 1101 quid
1403 961 1572 1093 agam?

284 1103 469 1172 cogito,
1416 1097 1575 1178 .[hem

145 1247 412 1298 Paululum
425 1246 624 1313 opsoni:
649 1242 782 1310 ipsus
797 1239 972 1292 tristis:
995 1240 1057 1291 de
1070 1239 1339 1308 improviso
1350 1240 1566 1309 nuptiae:

140 1318 261 1370 Non
281 1316 550 1369 cohaerent.
622 1314 721 1364 Pa.
746 1328 1105 1381 quorsumnam
1130 1311 1293 1362 istuc?
1335 1310 1446 1364 Da.
1472 1330 1569 1380 ego

281 1403 368 1438 me
391 1385 632 1437 continuo
656 1385 717 1435 ad
745 1383 1034 1434 Chremem.

142 1458 276 1510 Cum
301 1458 419 1509 illoc
453 1457 681 1519 advenio,
714 1454 930 1506 solitudo
966 1463 1082 1504 ante
1116 1454 1301 1506 ostium
1325 1475 1350 1508 :1
1369 1453 1480 1525 jam
1518 1455 1570 1507 id

351 1529 499 1580 ude0.
1102 1570 1108 1573 ν
1230 1571 1232 1574 ,
1500 1531 1570 1577 25

144 1602 245 1654 Pa.
287 1547 451 1651 ῗῖὃεοῖὲ
476 1598 616 1659 dicis,
642 1615 810 1667 perge.
886 1595 995 1648 Da.
1023 1614 1240 1650 maneo:
1278 1597 1466 1650 interea
1494 1598 1571 1648 in-

290 1670 440 1722 troire
465 1669 725 1722 neminem
1443 1669 1571 1736 [buS,

143 1742 324 1806 Video,
352 1741 488 1793 exire
512 1739 790 1803 neminem,
820 1750 1101 1791 matronam
1127 1740 1337 1802 nullam,
1363 1738 1417 1790 in
1443 1739 1569 1791 aedi-

143 1813 290 1866 Nihil
335 1813 516 1876 ornati,
556 1810 685 1862 nihil
732 1811 970 1863 tumulti:
1031 1810 1234 1873 accessi,
1283 1810 1569 1879 introspexi.

223 1946 225 1949 Α
289 1884 393 1936 Ρα.
428 1883 549 1935 scio,
1192 1882 1323 1950 [haec
1348 1882 1570 1951 nuptiis?

143 1955 400 2024 Magnum
439 1953 661 2022 signum.
735 1951 846 2008 Da.
883 1952 1026 2004 Num
1052 1951 1282 2004 videntur
1307 1954 1574 2005 convenire

145 2028 247 2080 Pa.
274 2027 390 2079 Non
415 2027 608 2095 opinor,
634 2027 796 2083 Dave.
872 2023 983 2077 Da.
1005 2023 1203 2093 opinor,
1224 2042 1391 2076 narras
1412 2025 1429 2076 ?
1470 2043 1571 2076 non

289 2100 424 2150 recte
438 2098 554 2161 ,acci
559 2097 651 2165 pis.
1503 2102 1574 2148 30

147 2169 296 2221 Certa
331 2186 408 2220 res
444 2179 535 2221 est.
571 2167 725 2219 etiam
763 2185 978 2237 puerum
1003 2166 1123 2219 inde
1147 2164 1320 2219 abiens
1360 2168 1574 2218 conveni

290 2239 538 2303 ChremiS,
1429 2238 1571 2306 [seni.

147 2311 301 2362 Olera
338 2321 388 2362 et
423 2310 690 2379 pisciculos
721 2309 940 2361 minutos
966 2310 1092 2360 ferre
1115 2310 1264 2361 obolo
1291 2309 1342 2360 in
1369 2327 1573 2361 coenam

153 2382 243 2435 Ch.
279 2381 544 2433 Liberatus
577 2400 707 2445 sum,
742 2383 902 2445 Dave,
927 2380 1077 2432 hodie
1112 2383 1200 2432 tua
1222 2383 1389 2449 opera.
1438 2379 1575 2433 Ἰ)α.

290 2461 343 2503 at
365 2452 779 2524 nullusquidem.

154 2524 242 2576 Ch.
279 2524 419 2579 Quid
443 2523 546 2575 ita?
585 2541 768 2592 nempe
793 2523 914 2575 huic
950 2539 1144 2593 prorsus
1181 2522 1449 2575 illam-non
1475 2523 1573 2576 dat.

293 2593 405 2647 Da.
442 2594 710 2646 ridiculum
738 2604 904 2663 caput.

149 2666 312 2726 Quasi
339 2683 539 2717 necesse
561 2664 640 2730 sit,
663 2666 705 2717 si
730 2665 850 2718 huic
873 2683 976 2717 non
999 2665 1100 2731 dat,
1124 2674 1174 2717 te
1199 2666 1340 2718 illam
1365 2684 1576 2718 uxorem

290 2737 487 2789 ducere.
1468 2777 1470 2779 -
1507 2743 1574 2790 35

2129 182 2193 229 21

1621 315 1724 356 Tuus
1746 311 1851 370 pater
1872 317 1982 355 modo
2000 330 2060 355 me
2085 332 2200 358 manu

1621 369 1890 422 apprehendit:
1930 372 1981 408 ait
2016 385 2054 408 se
2076 369 2199 410 'hodie

1623 424 1690 462 tibi
1710 437 1861 460 uxorem
1879 424 1979 469 dare,
2008 425 2098 461 item
2129 424 2200 462 alia

1623 476 1755 523 multa,
1774 490 1858 527 quae
1887 476 2202 514 commemorandi

1620 541 1722 566 nunc
1741 539 1885 580 tempus
1901 542 1974 566 non
1996 539 2064 569 est.
2092 527 2201 567 Illico

1621 581 1668 619 ad
1683 591 1722 619 te
1738 595 1938 633 properans
1952 581 2122 620 celeriter
2136 595 2202 621 cu·-

1622 637 1717 671 curri
1743 634 1788 672 ad
1810 634 1946 679 forum,
1970 643 2013 671 ut
2029 633 2110 673 haec
2129 634 2201 674 tibi

1624 686 1754 724 dicam.
1795 686 1873 724 Ubi
1891 696 1929 725 te
1944 700 2018 724 non
2035 688 2200 734 invenio,

1623 741 1780 778 ascendo
1820 739 1965 778 ibidem·
2000 740 2040 780 in
2084 740 2203 778 altum

1624 793 1807 842 quendam
1842 792 1979 830 locum.
2035 791 2205 830 Circum-

1624 846 1754 896 spicio‚
1782 859 1963 896 nusquam
1997 859 2068 895 ego
2093 855 2133 883 te
2163 858 2202 883 a·

1624 897 1752 948 spicio.
1776 897 1871 935 forte
1897 898 1946 934 ilii
1973 897 2084 947 hujus
2103 896 2205 936 Cha-

1623 951 1695 987 rini
1738 964 1880 988 servum
1918 949 2110 1001 Byrrhiam
2150 950 2205 989 viss

1624 1003 1714 1040 deo:
1744 1017 1867 1053 quaeve
1894 1003 1938 1040 ab
1967 1016 2026 1050 eo,
2055 1018 2143 1042 num
2163 1013 2202 1042 te

1625 1055 1776 1093 viderit:
1814 1055 2012 1106 respondet
2044 1071 2120 1095 non
2149 1058 2206 1093 vi-

1625 1107 1744 1146 disse:
1781 1110 1877 1160 oegre
1904 1108 1939 1146 id
1972 1108 2072 1146 sero:
2111 1109 2204 1160 quid

1626 1159 1720 1198 mihi
1756 1161 1804 1197 sit
1836 1161 2019 1213 agendum
2064 1163 2203 1214 cogito.

1622 1212 1769 1252 Interea
1786 1213 1878 1251 mihi
1896 1214 2063 1251 redeunti
2081 1216 2101 1252 e
2120 1215 2202 1252 foro

1620 1266 1717 1305 forte
1731 1277 1808 1303 orta
1821 1276 1876 1304 est
1890 1267 2048 1318 suspicio
2064 1281 2108 1304 ex
2120 1269 2203 1319 ipso

1622 1319 1834 1371 nuptiarum
1853 1331 2050 1370 apparatu:
2083 1319 2202 1367 Hem,

1623 1374 1789 1423 inquam,
1825 1373 1923 1423 apud
1952 1386 2030 1417 ine3
2070 1373 2203 1424 paulu-

1623 1426 1702 1464 lum
1726 1425 1870 1462 obsonii
1890 1434 1943 1462 est
1963 1434 2176 1476 apparatum
2192 1453 2201 1462 .

1625 1478 1784 1534 ipsemet
1813 1487 1917 1529 pater
1949 1475 2055 1515 Simo
2088 1478 2204 1517 tristis

1624 1541 1696 1577 est,
1721 1544 1834 1581 quem
1858 1529 2014 1579 hilarem
2040 1545 2120 1568 esse
2139 1531 2204 1569 de-

1624 1593 1708 1621 cet:
1737 1592 1813 1621 tam
1841 1584 1965 1622 subito
1993 1585 2134 1635 nuptiae
2158 1584 2204 1623 fi·

1624 1646 1713 1673 unt:
1733 1635 1828 1673 Haec
1847 1637 1944 1674 inter
1961 1649 2001 1675 se
2021 1650 2096 1674 non
2113 1649 2203 1689 con-

1623 1690 1790 1727 veniunt.
1845 1690 1914 1727 Pa.
1947 1687 2203 1732 Quamobrem

1624 1740 1706 1779 haec
1744 1742 1860 1779 dicis?
1918 1742 1996 1779 Da.
2026 1740 2111 1794 Ego
2143 1755 2205 1780 me

1626 1795 1725 1832 conti
1730 1795 1803 1832 nub
1813 1794 1963 1831 confero
1971 1794 2015 1832 ad
2024 1793 2205 1833 Chreme-

1625 1849 1673 1885 tis
1691 1848 1854 1886 domum.
1910 1845 2007 1884 Cum
2027 1861 2097 1899 ego
2119 1848 2206 1886 illuc

1627 1899 1794 1946 advenio,
1849 1900 2010 1939 solitudo
2063 1900 2206 1939 videtur

1627 1962 1713 1992 ante
1732 1954 1870 1991 ostium
1887 1968 1895 1990 :
1909 1953 1988 2003 jam
2003 1967 2047 1990 ex
2060 1967 2105 1991 eo
2113 1967 2206 2006 gau-

1626 2006 1707 2043 deo.
1763 2007 1831 2044 Pa.
1857 2004 1976 2046 Recte
1993 2005 2100 2053 dicis,
2122 2019 2206 2058 per-

1625 2073 1684 2111 ge.
1723 2059 1795 2097 Da.
1816 2058 1898 2096 lllic
1918 2068 2115 2110 exspecto:
2147 2060 2206 2096 in-

1626 2123 1727 2149 terea
1757 2125 1944 2149 neminem
1970 2112 2123 2150 introire
2153 2113 2206 2150 vi-

1626 2163 1710 2211 deo,
1726 2165 1825 2202 exire
1840 2166 2048 2202 neminem:
2069 2174 2207 2202 matro-

1628 2231 1713 2254 nam
1741 2218 1878 2254 nullam
1910 2219 1949 2255 in
1975 2217 2102 2263 domo,
2121 2216 2205 2255 nul·

1627 2270 1706 2308 lum
1742 2280 1929 2317 ornatum,
1964 2270 2108 2308 nullum
2146 2279 2208 2307 tu-

1627 2324 1788 2361 multum
1814 2323 2052 2361 discurrentis
2079 2322 2208 2361 multi-

1628 2372 1781 2414 tudinis.
1834 2377 1985 2414 Accessi
2004 2376 2117 2421 intro,
2137 2376 2208 2413 cir-

1628 2430 1834 2479 cumspexi.
1887 2430 1957 2466 Pa.
1986 2427 2088 2474 Scio,
2111 2429 2209 2466 curi-

1629 2495 1713 2519 osus
1730 2494 1781 2518 es.
1825 2480 2012 2532 Magnum
2028 2482 2207 2520 indicium

1629 2543 1685 2572 est
1702 2536 1851 2586 nuptias
1865 2547 1941 2571 non
1956 2534 2086 2586 parari.
2126 2535 2207 2573 Da.

1629 2586 1735 2625 Num
1789 2588 1959 2625 videntur
2011 2588 2208 2625 convenire

1627 2638 1709 2678 haec
1749 2639 1884 2678 futuris
1925 2639 2092 2691 nuptiis?
2135 2640 2209 2678 Pa.

1628 2692 1719 2730 Non
1732 2693 1878 2744 opinor,
1891 2691 2009 2730 Dave.
2056 2692 2133 2730 Da.
2151 2691 2208 2730 O·

1629 2746 1738 2796 pinor
1761 2746 1908 2796 inquis?
1940 2758 2016 2782 non
2033 2745 2134 2782 recte
2147 2746 2207 2782 in·-

1628 2798 1786 2850 telligis:
1816 2807 1916 2836 certa
1942 2810 2000 2835 res
2030 2807 2102 2843 est,
2130 2811 2208 2835 uon

149 2844 289 2897 opinio.
320 2842 503 2883 Praeterca
515 2844 705 2883 discedens
724 2845 841 2892 illinc,
855 2846 1009 2884 conveni
1025 2845 1210 2884 servulum
1221 2845 1447 2893 Chremetis,
1461 2848 1524 2898 qui
1539 2846 1685 2888 dicebat
1699 2864 1737 2888 se
1749 2850 1843 2888 ferre
1858 2850 1969 2897 olera,
1987 2859 2025 2887 et
2039 2853 2205 2888 minutos

148 2898 359 2948 pisciculos,
372 2898 483 2936 obolo
497 2906 656 2950 empne,
674 2900 712 2936 in
737 2911 881 2936 coenam
904 2900 996 2936 seui.
1053 2899 1122 2938 Ch.
1150 2897 1345 2937 Liberatus
1362 2913 1445 2937 sum
1465 2899 1574 2938 hodie
1597 2905 1698 2941 omni
1716 2904 1803 2942 cura
1821 2913 1859 2941 et
1878 2912 1980 2941 metu
1997 2904 2064 2940 tus.
2081 2916 2104 2939 0
2130 2904 2206 2942 era.

151 2950 229 2989 Da.
246 2950 408 2988 Minime
426 2950 575 3001 quidem
592 2951 765 2989 liberatus
779 2964 831 2990 eS.
889 2951 958 2989 Ch.
978 2950 1083 2995 Quid
1102 2952 1181 2990 ita?
1214 2950 1363 3004 Nempe
1381 2951 1561 2991 Chremes
1578 2968 1655 2993 non
1668 2955 1727 2993 dat
1742 2957 1854 2994 filiam
1873 2969 1976 2994 suam
1994 2954 2111 3006 Pamp
2141 2955 2205 2993 ilo.

152 3003 228 3042 Da.
246 3002 460 3042 Ridiculum
468 3001 674 3052 homiuem,
686 3005 790 3056 quasi
805 3017 953 3042 necesse
966 3005 1029 3054 sit,
1047 3004 1078 3042 si
1096 3003 1158 3043 ille
1173 3017 1248 3043 non
1263 3005 1325 3043 dat
1342 3005 1452 3043 filiam
1467 3003 1678 3060 Pamphilo,
1691 3018 1729 3047 te
1748 3009 1847 3048 illam
1862 3022 2015 3052 uxorem
2027 3009 2205 3061 accipere·

953 3161 1393 3204 ANNOTATIONES.

205 3270 253 3306 27
283 3263 499 3304 Macronem
525 3266 699 3318 nullam]
756 3266 941 3306 Matronae
972 3269 1152 3320 pronubas

154 3317 364 3367 nuptiarum
383 3318 617 3358 celebrationi
636 3330 815 3370 proeerant
833 3334 878 3358 ex
897 3330 998 3372 parte
1017 3323 1149 3369 uxoris,

151 3370 247 3406 sicut
266 3370 432 3420 Aruspcx
450 3384 496 3408 ex
522 3382 625 3422 parte
647 3374 777 3411 mariti.
832 3372 911 3411 111ae
931 3383 1084 3425 nuptam
1111 3376 1149 3413 iu

154 3423 274 3459 mariti
289 3422 437 3459 domum
452 3422 695 3470 deducebant,
715 3435 751 3462 et
769 3440 847 3463 cam
867 3427 904 3464 in
918 3427 1051 3478 geniali
1070 3438 1151 3466 toro

153 3473 397 3512 collocabant.
452 3474 510 3512 Ad
543 3475 754 3519 huiusmodi
786 3478 946 3518 officium
978 3489 1153 3530 spectatae

1258 3278 1279 3309 8
1287 3280 1308 3310 2
1340 3270 1480 3322 Obolo]

153 3579 229 3616 viro
249 3580 472 3629 nupsissent.

206 3638 255 3668 98
291 3632 395 3668 Nihil
417 3632 566 3682 ornati]
623 3633 717 3673 Anti
747 3647 814 3673 uus
867 3636 1040 3683 enitivus,
1071 3650 1153 3688 pro,

153 3682 318 3721 ornatas.
371 3682 483 3724 Fores
502 3685 655 3726 floribus
674 3695 712 3726 et
740 3687 845 3728 rondi
871 3701 916 3728 us
929 3690 1049 3730 ornari
1067 3704 1154 3730 con·

154 3745 358 3776 sueverant.

1207 3597 1419 3624 PARTmNG.

1537 3271 1697 3319 Obolus,
1732 3273 1897 3311 minutus
1926 3273 1996 3312 fuit
2028 3286 2204 3314 nummus

1205 3323 1377 3371 Graecus-2,
1409 3334 1512 3362 sexta
1540 3339 1623 3376 pars
1645 3324 1851 3372 dracllmoe3
1881 3325 2053 3365 drachma
2077 3327 2205 3366 Attica

1204 3385 1242 3414 et
1256 3377 1426 3415 denarius
1439 3376 1629 3416 Romanus
1650 3378 1815 3416 valebant
1834 3392 1899 3416 sex
1916 3377 2056 3417 assibus
2072 3381 2205 3419 nostris

1203 3427 1238 3466 T
1239 3430 1496 3468 uronensibus.
1550 3429 1694 3482 Obolus
1725 3432 1837 3477 iacitur
1866 3443 1944 3468 asse
1973 3430 2203 3478 Turonensi,

1205 3481 1262 3518 vel
1292 3481 1486 3520 duodecim
1522 3483 1685 3520 numulis
1723 3473 2003 3522 Turonensibus
2044 3484 2203 3532 valebat,

1206 3533 1304 3570 Gall.
1323 3535 1433 3572 alouze
1454 3535 1592 3573 deniers
1611 3536 1795 3573 Tvzmwis.
1823 3535 1925 3589 Aug.
1969 3534 2058 3577 ΟΝΕ
2077 3548 2204 3576 raum(

1258 3645 1308 3678 38
1338 3639 1390 3677 Ae
1407 3642 1531 3679 nullus
1547 3639 1720 3691 quidem]
1777 3624 1917 3681 Nullus
1932 3654 1999 3694 pro
2013 3653 2100 3682 nm».
