2352 3952
1030 190 1586 250 PROLEGOMENA

467 340 695 407 praetulit,
718 338 846 404 quod
872 338 980 402 plus
1002 338 1061 386 de
1093 339 1299 402 antiquae
1333 340 1591 407 Comoediae
1629 343 1769 405 genio
1804 343 2061 392 referrent?
2097 357 2192 393 cur

469 409 667 474 popum,
696 408 838 453 etiam
871 404 1062 452 cultiori
1099 406 1277 452 saeculo
1313 405 1439 455 haud
1479 410 1603 472 aegre
1637 411 1695 457 ad
1731 411 1957 459 solutiora
1979 406 2186 476 'respici-

471 476 587 531 enti,
619 474 842 522 adulatus
868 470 1045 535 potius,
1069 472 1212 534 quam
1247 475 1438 536 poeseos
1471 476 1703 536 instituto,
1736 488 1784 525 et
1815 479 2046 526 doctrinae
2071 478 2186 542 legi·

476 545 564 591 bus
598 544 849 588 obsecutus
883 541 982 585 est?
1019 538 1110 585 Sed
1137 539 1377 587 mittamus
1401 540 1682 603 Sedigitum:
1721 544 1800 607 qui
1826 555 1980 592 tamen
2000 545 2185 592 errandi

475 607 714 670 Scaligero
745 616 916 653 auctor
944 605 1049 663 suit,
1072 621 1182 653 nam
1207 615 1261 654 ut
1283 607 1386 668 ejus
1403 606 1643 669 judicium
1668 611 1949 669 defenderet,
1982 628 2068 659 suo
2091 627 2188 659 non

473 677 592 722 bene
615 671 725 721 usus
747 680 833 721 est.
904 672 1028 728 Quis
1050 673 1173 720 enim
1197 674 1342 737 porro
1367 675 1488 721 serat
1505 674 1622 722 ista?
1658 678 1718 722 At
1749 693 1818 724 res
1832 687 2043 739 putentur
2071 678 2189 740 ipsoe,

469 739 671 804 profic-td
693 739 999 802 languidiores
1018 750 1143 786 erunt
1164 740 1465 787 Terentiana.-
1502 738 1641 804 quam
1668 743 1794 804 apud
1822 744 2043 791 Plautum
2067 743 2191 790 scili-

476 819 555 853 cet
588 805 818 868 aliosque·
887 804 1009 861 Quis
1046 805 1237 853 demum
1277 806 1358 855 ille
1394 808 1626 870 languor?
1678 809 1714 855 si
1756 810 1912 858 omnia
1953 811 2189 867 excutias,

473 874 571 922 hoc
595 873 851 920 dicendum
875 871 1046 920 fuerit:
1085 887 1195 936 quae
1233 889 1303 921 res
1335 875 1383 922 in
1418 873 1668 921 Comoedia
1699 875 1766 921 ita
1798 877 2098 935 exhibentur,
2136 884 2193 924 ut

475 940 634 988 minus
673 947 893 1003 captetur
924 938 1062 997 risus,
1085 956 1238 1002 neque
1254 941 1379 1001 jocis
1413 950 1460 989 et
1497 942 1676 990 facetiis
1700 942 1859 990 omnia
1886 943 2191 1008 impleantur,

474 1007 575 1056 illae
593 1007 912 1069 languidiores
933 1015 1059 1054 sunt.
1098 1007 1358 1070 Nunquam
1376 1009 1560 1056 tulisset
1577 1010 1656 1057 ille
1674 1009 1891 1073 princeps
1906 1011 2193 1059 Criticorum

443 1109 447 1113 -
476 1089 621 1136 aequo
644 1074 821 1132 animo,
844 1074 880 1120 si
907 1073 1158 1136 quisquam
1186 1074 1309 1123 alius
1341 1076 1695 1139 pronunciasset
1729 1077 2068 1140 languidiorem
2100 1093 2196 1125 esse

477 1141 668 1199 Poesin,
703 1141 786 1188 ubi
810 1139 1041 1187 retinetur
1065 1142 1192 1204 quod
1217 1150 1287 1190 est
1309 1142 1658 1200 difficillimum,
1683 1144 1763 1191 sed
1802 1145 1946 1191 Poeta
1969 1153 2197 1192 accurato

478 1208 692 1271 dignum,
716 1224 778 1255 ex
801 1207 1040 1254 hilaritate
1064 1208 1249 1256 modus.
1317 1209 1448 1267 Quid
1472 1214 1487 1257 ?
1524 1208 1651 1273 quod
1677 1211 1959 1259 urbanitatis
1993 1212 2196 1259 eruditae

478 1290 540 1322 ac
584 1274 849 1331 festivitatis
881 1274 1085 1322 artificio
1122 1276 1296 1324 nemini
1329 1277 1456 1324 cedit
1489 1277 1751 1326 Terentius.
1818 1278 2026 1326 Tantum
2066 1280 2200 1326 obest

479 1342 651 1390 rationi
678 1342 956 1397 auctoritas,
993 1342 1072 1390 cui
1114 1351 1159 1390 te
1199 1345 1340 1391 semel
1378 1345 1660 1408 permiseris.
1731 1346 1793 1393 Et
1829 1346 2198 1410 excogitandum

479 1418 641 1457 tamen
665 1409 847 1473 aliquid
872 1409 977 1467 fuit,
1003 1425 1062 1457 ne
1095 1410 1193 1457 sine
1226 1412 1409 1459 ratione
1433 1412 1668 1459 videretur
1691 1413 1936 1477 disputari.
2007 1411 2200 1466 Quando
2243 1440 2247 1441 ν

483 1477 665 1539 (inquit
687 1476 919 1540 Scaliger)
945 1491 1014 1523 res
1034 1476 1084 1523 ed
1098 1476 1320 1539 perducta
1339 1487 1416 1531 est,
1433 1488 1481 1523 ut
1492 1494 1572 1524 nos
1590 1480 1635 1524 in
1660 1478 1816 1543 linguei
1827 1477 2007 1541 patrici,
2025 1477 2108 1523 hoc
2124 1486 2200 1530 est,
2278 1475 2280 1488 ³

478 1542 666 1596 Latina,
689 1543 823 1587 simus
834 1542 1078 1604 peregrini,
1098 1557 1232 1604 quam
1249 1558 1304 1588 ex
1324 1543 1589 1589 nitidissimi
1609 1545 1813 1607 cujusque
1833 1544 2031 1591 authoris
2052 1543 2201 1606 operi·

480 1607 560 1654 bus
581 1606 911 1660 emendicatam,
936 1606 1000 1652 ad
1027 1621 1098 1661 ea,
1136 1621 1228 1670 qua·
1257 1608 1477 1663 sentimus,
1515 1609 1840 1670 applicaremus
1857 1631 1875 1667 ,-
1909 1618 2041 1673 atque
2071 1610 2119 1654 in
2151 1605 2206 1654 εᾶ

484 1673 758 1721 Terentianae
794 1671 1030 1719 munditiae
1059 1674 1268 1733 potiores.
1299 1682 1432 1720 essent
1476 1673 1641 1721 salibus
1688 1675 1941 1721 Plautinis:
1998 1682 2206 1738 quantum

469 1748 664 1802 propter
691 1738 833 1783 animi
860 1737 1130 1799 voluptatem
1157 1736 1405 1786 tribuet-unt
1425 1738 1593 1784 Plauto
1605 1740 1765 1802 prisci,
1785 1749 1955 1786 tantum
1978 1749 2084 1788 aetas
2101 1753 2205 1784 nos·

478 1815 569 1858 tra,
591 1802 645 1849 ob
669 1803 831 1866 linguas
853 1802 1036 1850 Latinae
1063 1802 1241 1859 cultum,
1272 1804 1487 1850 Terentio.
1553 1804 1638 1851 Ille
1659 1806 1800 1868 igitur
1819 1805 1998 1850 illorum
2016 1801 2209 1851 secunda

429 1924 431 1927 ¹
467 1866 668 1928 forta-nd
689 1866 1017 1914 commendatus
1033 1887 1048 1913 .-
1083 1868 1156 1916 hic
1175 1868 1332 1916 nostra
1365 1867 1546 1915 miseriti
1574 1885 1755 1934 magnus
1769 1871 1926 1926 factus
1946 1879 2021 1916 est.
2089 1869 2210 1915 Nam

480 1934 686 1997 equidem
708 1933 920 1980 Plautum
941 1943 992 1980 ut
1018 1932 1256 1989 Comicum,
1297 1935 1544 1981 Terentium
1575 1945 1623 1981 ut
1645 1936 1910 1999 loquutorem
1933 1933 2206 1982 admirabor.

484 2001 536 2049 Si
560 2000 748 2048 miseria
770 1998 977 2062 junioris
1011 1999 1101 2047 aevi
1133 2016 1349 2048 caussam
1385 2000 1515 2047 dedit
1540 1997 1842 2068 ἁμαρτήματι
1870 2006 2068 2067 κριτικῷ,
2092 2000 2209 2063 quid

487 2082 596 2132 ergo
634 2075 747 2114 ante
789 2075 861 2114 tot
902 2067 1082 2115 saecula
1118 2068 1363 2115 Horatium
1405 2067 1567 2126 movit,
1601 2077 1658 2115 ut
1694 2067 1912 2114 stultitiae
1934 2067 2212 2130 *postularet

484 2151 580 2192 eos,
600 2135 680 2197 qui
704 2133 823 2182 sales
849 2133 1094 2182 Plautinos
1118 2134 1178 2181 ad
1204 2134 1522 2182 urbanitatem
1552 2145 1600 2183 et
1625 2135 1836 2198 leporem
1862 2133 2120 2182 referrent?
2155 2142 2212 2182 ut

485 2218 584 2249 non
611 2200 802 2264 phrasin
828 2202 973 2265 magis
1005 2201 1231 2258 Terentii,
1264 2201 1408 2265 quam
1441 2202 1556 2249 sales
1594 2210 1642 2250 et
1671 2202 1851 2265 lepores
1882 2208 2015 2249 tanto
2054 2201 2211 2249 studio

487 2271 878 2317 consectaretur?
912 2270 977 2316 At
999 2285 1124 2316 unus
1148 2281 1197 2316 et
1232 2269 1347 2316 item
1370 2268 1490 2316 alter
1526 2270 1588 2316 ob
1618 2269 1772 2316 solum
1813 2269 1991 2332 linguae
2026 2268 2213 2316 Latinae

487 2336 688 2386 nitorem
737 2350 890 2399 nuper
925 2342 1113 2383 tantum
1151 2336 1375 2384 Terentio
1415 2336 1599 2384 tribuit.
1671 2335 1863 2393 Nescio,
1905 2336 2100 2399 quinam
2140 2333 2211 2383 illi

488 2403 696 2452 fuerint:
749 2403 965 2450 omnium
1010 2401 1206 2451 minime
1255 2403 1456 2451 decebat
1498 2403 1788 2466 Scaligerum
1826 2403 1875 2450 in
1919 2419 1978 2450 eo
2017 2417 2213 2450 numero

489 2487 614 2518 esse:
655 2469 755 2532 qui,
779 2469 816 2517 si
843 2472 975 2517 tanta
996 2469 1257 2518 intentione
1278 2471 1425 2518 animi
1462 2474 1704 2519 tractasset
1725 2469 2016 2529 Terentium,
2041 2471 2215 2534 quanta

488 2538 764 2600 Virgilium,
799 2552 892 2584 non
929 2536 1083 2585 minus
1117 2538 1381 2601 perfectum
1416 2538 1465 2584 in
1499 2554 1585 2586 suo
1620 2554 1761 2601 opere
1790 2537 1924 2584 illum
1949 2553 2032 2601 per
2056 2536 2217 2584 omnia

484 2605 761 2668 judicasset.
829 2603 953 2651 Sunt
986 2614 1164 2663 autem,
1198 2615 1253 2653 ut
1286 2606 1504 2652 omnibus
1542 2614 1688 2669 patet,
1723 2606 1845 2651 inter
1879 2604 2088 2652 eruditos
2118 2619 2216 2651 non

490 2672 654 2735 pauci,
689 2678 736 2718 et
764 2670 972 2729 fuerunt,
1009 2673 1092 2736 qui
1128 2673 1390 2720 orationem
1423 2672 1633 2720 Terentii
1674 2669 1842 2719 merito
1878 2671 2066 2735 quidem
2101 2670 2216 2718 ada·

492 2742 699 2795 mai-unt,
734 2737 874 2800 longe
907 2739 1050 2801 plura
1097 2749 1274 2798 autem,
1322 2739 1371 2786 id
1418 2748 1503 2798 est,
1546 2740 1708 2787 omnia
1757 2755 1830 2794 ea,
1868 2739 2037 2802 quibus
2072 2753 2218 2802 opera

493 2804 772 2867 hujusmodi
808 2806 1216 2865 commendantur,
1251 2807 1301 2854 in
1335 2823 1393 2854 eo
1427 2807 1649 2854 admirati
1682 2815 1821 2854 sunt:
1858 2821 1946 2852 nec
1971 2813 2026 2852 ut
2047 2805 2217 2851 locuto·

493 2873 562 2918 ris
612 2872 759 2931 (absit
801 2873 1054 2920 verborum
1094 2874 1265 2932 vilitas,
1302 2874 1384 2922 ubi
1420 2875 1528 2937 plus
1563 2877 1704 2936 quam
1739 2873 1886 2919 verba
1916 2871 2214 2936 spectantur)
2293 2929 2296 2932 .

497 2939 579 2986 sed
615 2950 670 2986 ut
714 2937 899 2986 Comici
934 2947 982 2986 et
1026 2939 1298 3004 Philosophi
1333 2939 1490 2988 exacti
1525 2939 1618 2987 hoc
1651 2939 1895 3003 exemplar
1927 2939 2014 2987 sibi
2049 2952 2222 3002 propo-

498 3013 714 3053 suerunt.
782 3005 1051 3065 Enimvero,
1075 3007 1158 3070 qui
1193 3015 1370 3070 praeter
1401 3007 1563 3055 stilum
1599 3007 1717 3054 nihil
1745 3009 1792 3054 in
1816 3006 2036 3054 Terentio
2059 3018 2220 3052 amare

499 3070 691 3129 didicit,
731 3087 839 3118 eum
879 3078 905 3119 a
947 3074 1099 3121 Musis
1141 3083 1190 3122 et
1227 3075 1408 3122 Gratiis
1447 3073 1557 3121 cum
1606 3071 1812 3121 maxime
1852 3074 2060 3121 alienum
2101 3085 2219 3127 esse,

501 3155 642 3187 nemo
666 3141 864 3186 abnuat.
932 3140 1022 3187 Sed
1056 3142 1160 3189 haec
1186 3141 1415 3192 hactenus
1448 3142 1507 3189 ad
1532 3140 1627 3189 Jul.
1655 3136 1825 3203 Scalig.
1860 3141 1991 3188 Ροέι.
2026 3135 2103 3186 lib.
2129 3137 2221 3186 111.

500 3219 602 3269 cap.
624 3204 750 3253 xcvi.
776 3212 823 3251 et
848 3204 929 3253 VI.
951 3222 1052 3271 cap.
1076 3206 1125 3256 ii.

712 3329 906 3384 LOCA
944 3331 1358 3399 MENANDRI,
1391 3333 1490 3387 ET
1523 3332 2012 3398 APOLLODORJ,

778 3403 905 3461 Quae
927 3404 1311 3455 TERENTIUS
1334 3408 1499 3455 Latine
1520 3417 1589 3455 est
1612 3407 1959 3471 interpretatus.

993 3492 1385 3543 Scannvnmus
1412 3494 1677 3543 Lucrum.

573 3599 847 3648 Sunsrcrr
895 3600 1090 3649 editioni
1125 3603 1420 3653 Terentianae
1464 3606 1493 3650 ὲ
1526 3620 1574 3652 se
1607 3603 1854 3652 recensitae
1890 3599 2227 3651 Nobilissimus

506 3680 566 3713 ac
618 3666 761 3713 celeb«
777 3667 946 3715 rrimus
994 3669 1117 3716 Dan.
1151 3669 1366 3718 Heinsius
1414 3671 1524 3719 loca
1573 3671 1759 3734 aliquot
1806 3668 2077 3727 Menandri,
2121 3682 2228 3730 quae

504 3732 754 3785 Terentius
789 3733 958 3785 Latine
994 3743 1062 3786 est
1106 3736 1339 3801 imitatus,
1375 3754 1436 3791 ex
1471 3738 1759 3795 *collectione
1798 3736 1987 3787 Andreae
2025 3733 2226 3784 schotti.-
