2340 3964
153 175 218 222 16

145 311 207 352 nbi
222 314 386 352 domum.
412 310 477 351 Sic
491 313 661 364 loquens,
682 314 721 352 id

147 364 242 405 mihi
280 368 378 404 visus
419 367 603 411 mandare,
643 365 718 403 Abi

146 420 239 467 cito,
271 429 312 457 et
336 418 519 470 suspende
547 427 598 456 te.
621 439 623 443 ν
658 417 720 455 Ad

145 469 229 510 haec
290 471 400 510 verba
461 470 720 521 obtupefactus

144 538 253 563 sum:
299 534 456 576 putasne
498 536 557 560 me
601 523 719 561 ullum

143 577 299 616 verbum
332 575 494 630 proferre
538 576 719 626 potuisse,

144 638 212 668 aut
227 630 340 668 ullam
361 629 647 675 excusationem,
675 627 721 666 li·

145 683 206 737 cet
249 684 431 733 ineptam,
467 681 650 727 fictitiam,
660 682 671 719 i.
682 687 721 718 et
733 715 735 718 ,

143 735 345 784 injustam?
394 731 529 771 Mutus
567 735 719 785 repente

142 787 262 826 factus
281 788 379 825 sum)
429 783 544 830 Quod
575 787 606 824 si
634 787 718 837 quis

144 853 245 879 nunc
286 839 308 878 ὃ,
348 852 414 878 me
449 847 587 890 qureret
630 839 719 890 quid

143 893 317 938 facerem,
337 894 367 930 si
396 905 465 944 ego
493 892 531 930 id
557 904 720 944 praesen-

141 946 297 984 sissem?
311 943 572 996 Respondebo,
582 945 720 996 aliquid
743 987 745 995 ,

142 999 302 1038 §acerem
326 1011 372 1036 ne
391 999 429 1036 id
451 998 624 1044 tacerem,
650 998 719 1036 du-

144 1064 265 1090 cerem
294 1059 467 1097 uxorem;
505 1051 737 1101 videretque

144 1102 480 1154 consentirejussui
492 1104 615 1156 patris·
642 1101 718 1142 Sed

145 1170 243 1195 nunc
273 1158 364 1209 quid
392 1158 554 1209 primum
583 1157 717 1208 exequi

143 1211 287 1249 debeo?
316 1208 394 1248 Tot
419 1223 480 1248 me
510 1210 719 1262 impediunt

143 1276 256 1311 curae,
281 1276 366 1314 quae
394 1261 559 1301 animum
593 1276 719 1302 meum

143 1315 356 1355 distrahunt
372 1316 412 1354 in
437 1326 558 1367 partes
582 1317 716 1354 varias:

143 1383 260 1416 amor,
279 1369 527 1408 misericordia
539 1368 719 1421 Glycerii‚

144 1422 356 1468 solicitatim
384 1422 458 1472 qua
487 1435 635 1473 urgeor,
677 1430 737 1476 ut.

144 1489 300 1514 uxorem
317 1475 512 1526 accipiam,
532 1477 646 1526 patris
663 1487 722 1513 re-

144 1524 325 1575 vferentia,
353 1529 418 1579 qui
446 1526 540 1566 mihi
566 1537 642 1566 tam
670 1528 722 1566 le-

145 1581 244 1619 niter
256 1582 425 1634 permisit
433 1594 549 1632 usque
563 1582 608 1620 ad
618 1580 719 1620 hunc

145 1634 245 1672 diem
278 1635 431 1673 arbitrio
457 1647 542 1672 meo
577 1635 718 1673 vivere:

143 1698 192 1724 an
206 1700 276 1740 ego
293 1688 537 1733 committam,
551 1696 597 1726 ut
609 1688 644 1725 ei
659 1687 722 1725 ad-

145 1753 267 1779 verser
282 1741 298 1779 ?
341 1738 418 1778 Hei
446 1739 539 1778 mihi
553 1739 571 1778 !'
602 1741 722 1779 incer-

145 1801 228 1831 tum
254 1801 326 1840 est,
345 1794 434 1844 quid
459 1806 578 1846 agam.
630 1794 720 1845 My.

146 1843 291 1885 Misera
323 1847 453 1894 timeo,
486 1847 561 1898 quo
594 1846 721 1896 tendat

146 1899 261 1947 istud,
281 1900 464 1937 incertum
482 1908 552 1946 est,
576 1900 665 1951 quid
683 1913 722 1937 a-

145 1964 244 2004 gam.
298 1951 372 1990 Sed
389 1964 488 1990 nunc
505 1955 664 1990 maxime
681 1965 722 1990 o-

146 2018 216 2056 pus
227 2014 298 2051 est,
309 2013 373 2043 aut
386 2002 622 2057 Pamphilum
635 2019 720 2043 cum

146 2059 227 2109 ipsa
238 2057 427 2110 Glycerio,
436 2067 500 2096 aut
510 2071 571 2096 me
584 2058 722 2109 aliquid

27 2150 38 2161 l
101 2130 105 2131 ⁷
146 2112 192 2149 de
238 2111 302 2150 illa
331 2112 428 2163 apud
466 2109 569 2149 hunc
603 2111 720 2163 loqui.

145 2161 253 2202 Dum
284 2166 387 2203 enim
411 2165 555 2202 animus
582 2164 722 2216 pendet

147 2216 298 2263 dubius,
310 2217 380 2255 levi
398 2217 560 2268 impulsu
572 2218 611 2254 in
625 2216 720 2256 hanc

147 2271 204 2308 vel
243 2270 345 2308 illam
384 2280 527 2323 partem
562 2270 720 2308 ducitur.

146 2324 218 2362 Pa.
270 2321 369 2367 Quis
414 2322 476 2362 hic
526 2323 562 2360 lo
589 2325 719 2362 uitur?

147 2376 287 2429 Mysis,
306 2375 414 2414 salve.
456 2377 545 2428 My.
611 2377 722 2423 salve,

147 2428 353 2480 Pamphile.
406 2430 477 2467 Pa.
506 2428 560 2466 Ut
591 2442 630 2466 se
659 2428 725 2470 ha-

148 2483 213 2520 bet
224 2482 438 2535 Glycerium
455 2483 470 2520 ?
502 2482 589 2534 My.
607 2481 725 2526 Quae-

147 2537 225 2584 ris?
268 2538 395 2587 partus
427 2534 613 2573 doloribus
650 2546 725 2575 tor-

149 2598 308 2680 guetur:
346 2597 385 2627 et
422 2589 509 2640 quia
539 2588 629 2626 olim
661 2588 725 2628 hic

177 2644 230 2679 ies
249 2643 392 2693 nuptiis
411 2642 635 2679 constitutus
653 2652 726 2690 est,

149 2695 195 2733 de
213 2692 283 2733 hac
302 2707 339 2732 re
357 2695 468 2732 anxia
484 2695 615 2733 timet:
644 2703 726 2734 tum

148 2756 273 2786 antem
307 2760 353 2785 ne
381 2748 524 2785 deseras
549 2760 601 2785 se.
655 2749 726 2789 Pa.

147 2798 271 2838 Hem!
303 2807 431 2851 'egone
459 2801 561 2839 istud
587 2804 726 2851 possim

149 2853 303 2892 conari?
333 2866 404 2904 ego
430 2852 529 2890 illam
554 2855 725 2893 miseram

150 2915 302 2958 propter
333 2919 394 2943 me
425 2905 544 2962 decipi
576 2908 721 2958 patiar?

148 2973 234 3011 quae
274 2957 369 2997 mihi
413 2958 566 2996 affectus
610 2962 726 2999 animi

149 3013 223 3058 sui,
264 3021 375 3062 atque
417 3024 567 3049 ornnem
612 3011 724 3051 vitam

150 3066 355 3103 commisit:
385 3077 494 3114 quam
509 3077 579 3116 ego
594 3076 727 3117 praeter

791 168 849 224 P.
883 162 1231 226 TERENTII
1265 166 1557 224 ANDRIA.

771 308 872 361 Abi
897 309 1122 365 domum.
1180 308 1240 361 Id
1265 309 1393 362 mihi
1415 310 1547 363 visus
1569 319 1644 363 est
1667 310 1850 377 dicere,
1877 309 1976 362 Abi
2001 308 2119 371 cito,
2144 316 2196 360 et

853 438 858 441 .
913 381 1157 449 suspende
1182 389 1249 433 te.
1737 445 1743 450 ι
1821 415 1825 418 -
2020 380 2196 451 [loqui,

772 450 1022 518 Obstupui
1042 471 1055 502 ε
1093 455 1292 502 censen'
1314 439 1493 505 ullum
1504 469 1587 505 me
1607 455 1814 506 verbum
1836 453 2053 523 potuisse
2077 470 2212 520 pro--

772 523 878 574 Aut
912 523 1070 573 ullam
1115 539 1335 587 causam,
1364 521 1599 593 ⁴ineptam
1640 526 1834 588 saltem,
1871 526 2062 588 falsam,
2097 522 2197 574 ini-
2231 577 2235 581 ,

915 593 1104 660 quam?
1145 593 1416 650 obmutui..
1586 641 1600 645 -
1737 595 1893 664 [nunc
1919 613 2002 646 me
2022 606 2193 663 roget3

773 661 927 717 Quod
941 663 982 715 si
1002 682 1099 732 ego
1116 667 1373 718 rescissem
1393 663 1443 715 id
1462 663 1612 733 prim,
1632 664 1752 734 quid
1771 667 2005 729 facerem,
2024 666 2066 717 si
2086 666 2198 733 quis

769 733 992 804 Aliquid·
1016 736 1251 801 facerem,
1277 746 1334 788 ut
1369 735 1468 789 hoc
1507 753 1573 787 ne
1617 737 1849 790 facerem.
1921 736 2024 789 Sed
2055 754 2198 799 nune

915 807 1036 875 quid
1061 808 1282 878 primum
1308 807 1560 875 exequar?
2111 805 2196 858 '25

770 875 872 928 Tot
910 894 994 928 me
1019 877 1304 948 impediunt
1329 896 1480 943 curae,
1504 895 1619 948 quae
1656 893 1827 929 meum
1853 878 2080 948 animum
2115 878 2197 932 di-

913 951 1051 1000 vorse
1075 949 1313 1003 trahunt:
1728 986 1742 989 ,μ
1970 981 1975 1002 :
2003 999 2006 1002 ,
2099 949 2104 954 ’

771 1020 947 1084 Amor,
970 1019 1312 1072 misericordia
1334 1017 1498 1090 hujus,
1523 1020 1814 1090 nuptiarum
1835 1018 2123 1086 solicitatio,

769 1091 904 1142 Tum
929 1092 1081 1160 patris
1100 1093 1277 1162 pudor,
1302 1091 1391 1160 qui
1425 1110 1509 1145 me
1532 1101 1637 1144 tam
1673 1091 1775 1145 leni
1799 1109 1967 1161 passus
1989 1100 2065 1153 est
2086 1091 2201 1144 ani-

797 1174 801 1177 *
912 1180 998 1214 mo
1023 1181 1185 1233 usque
1203 1163 1388 1229 adhue,
1959 1218 1963 1222 .

771 1233 904 1290 Quae
928 1252 1044 1286 meo
1068 1253 1268 1304 cunque
1292 1235 1465 1286 animo
1501 1233 1702 1285 libitum
1729 1243 1818 1299 est,
1852 1234 2047 1286 facere:
2085 1233 2200 1286 eine

841 1343 844 1346 -
914 1323 1010 1372 ego
1034 1315 1088 1357 ut
1107 1307 1367 1358 advorser?
1395 1305 1492 1369 'hei
1518 1304 1645 1356 mihi
1668 1305 1678 1356 !

770 1371 1147 1443 Incertum'est,
1172 1376 1295 1447 quid
1318 1394 1483 1445 agam.
1555 1377 1668 1444 My.
1697 1375 1879 1427 misera
1901 1374 2076 1440 timec,
2097 1374 2197 1427 hoe

914 1447 1166 1500 incertum
1191 1466 1429 1518 quorsum
1449 1447 1660 1500 accidat.
2129 1450 2203 1498 30

775 1518 878 1571 Sed
901 1521 1039 1570 nune
1063 1516 1279 1588 peropus
1302 1531 1394 1583 est,
1416 1530 1503 1570 aut
1526 1519 1666 1569 hunc
1691 1536 1807 1569 cum
1834 1518 1958 1587 ipsa,
1995 1527 2097 1571 aut«
2119 1534 2203 1569 me

914 1590 1106 1660 aliquid
1124 1591 1186 1643 de
1206 1590 1571 1642 illaadversum
1597 1589 1735 1640 hunc
1760 1589 1918 1658 loqui.

773 1661 919 1733 Dum
942 1662 995 1712 in
1019 1662 1170 1714 dubio
1194 1670 1265 1714 est
1292 1663 1504 1727 animus,
1523 1660 1680 1730 paulo
1703 1668 1947 1712 momento
1970 1660 2064 1712 huc
2085 1657 2207 1730 illuc

917 1733 1208 1801 impellitur.
1644 1783 1647 1786 ,
2170 1734 2173 1738 ’

774 1805 876 1857 Ρα.
917 1804 1048 1859 Quis
1073 1806 1160 1856 hie
1183 1803 1437 1874 loquitur?
1479 1801 1654 1871 Mysis,
1679 1806 1828 1854 salve.
1865 1802 1977 1872 My.
1999 1802 2032 1854 ὀ
2054 1802 2211 1866 salve,

917 1871 1200 1946 Pamphile.
1258 1877 1356 1928 Pa.
1385 1874 1506 1944 quid
1529 1874 1668 1941 agit?
1710 1875 1823 1942 My.
1848 1873 2026 1944 rogas?
2087 1923 2092 1927 .

774 1947 992 2000 Laborat
1016 1948 1043 1997 e
1069 1948 1269 2000 dolore:
1307 1955 1457 2015 atque
1483 1963 1544 1996 ex
1570 1946 1668 1997 hoe
1689 1945 1868 2000 misera
1892 1943 2107 2010 sollicita
2130 1951 2206 1994 est

917 2019 1028 2080 die3
1698 2017 1887 2086 [autem
1914 2016 2012 2068 hoe
2035 2015 2199 2078 timet,

775 2089 918 2146 Quia
933 2089 1058 2141 olim
1083 2084 1136 2147 in
1173 2088 1312 2141 hunc
1349 2096 1466 2140 sunt
1503 2087 1789 2139 constitutae
1826 2087 2055 2156 nuptiae:
2091 2095 2204 2136 tum

773 2160 856 2212 Ne
873 2161 1066 2213 deseras
1081 2178 1148 2212 se.
1179 2161 1279 2212 Pa.
1298 2160 1417 2211 hem
1435 2159 1444 2210 !
1473 2176 1634 2227 egone
1653 2160 1779 2210 istuc
1798 2157 1972 2226 conari
1988 2156 2203 2226 queam?

774 2230 890 2301 Ego
907 2242 1111 2303 propter
1134 2250 1218 2284 me
1243 2231 1383 2284 illam
1410 2230 1578 2298 decipi
1598 2232 1830 2281 miseram
1857 2230 2020 2280 sinam
2033 2229 2059 2280 ’ἓ
2132 2228 2202 2311 {7
2219 2275 2226 2288 ‚

777 2303 908 2360 Quae
954 2302 1084 2355 mihi
1125 2322 1274 2356 suum
1320 2301 1551 2354 animum
1595 2311 1747 2372 atque
1789 2318 2016 2373 omnem,
2039 2298 2205 2361 uitam

922 2374 1150 2440 eredidit,
1460 2373 1467 2379 ’
1511 2422 1519 2427 ι
2014 2371 2031 2376 ”
2074 2369 2207 2439 [rim‚

778 2445 951 2511 Quam
978 2464 1072 2514 ego
1097 2445 1269 2497 animo
1304 2444 1503 2513 egregie
1531 2462 1697 2496 earam
1723 2461 1813 2514 pro
1836 2447 1992 2495 uxore
2014 2441 2208 2497 habue-

777 2518 920 2568 Bene
946 2527 996 2568 et
1019 2517 1203 2587 pudice
1225 2515 1267 2587 ej
1277 2535 1330 2568 us
1350 2516 1555 2567 doctum
1577 2527 1729 2585 atque
1750 2517 2010 2578 eductum,
2028 2513 2209 2576 sinam,

780 2589 1027 2641 Coactum
1056 2598 1288 2656 egestate,
1316 2587 1577 2656 ingenium
1604 2586 1956 2640 immutarier?
2136 2590 2200 2635 41

779 2661 899 2713 Non
922 2660 1122 2712 faciam.
1181 2659 1294 2729 My.
1318 2659 1456 2711 haud
1485 2676 1672 2724 vereor,
1697 2659 1739 2710 si
1776 2658 1830 2710 in
1853 2668 1904 2709 te
1928 2657 2035 2710 solo
2055 2655 2119 2706 sit
2141 2653 2209 2706 si-

922 2743 1033 2782 tum
1057 2753 1074 2783 ς,
1969 2759 1970 2762 =
2006 2727 2167 2795 [putas
2187 2726 2206 2777 ἒ

780 2803 881 2854 Sed
904 2803 1008 2854 vim
1035 2815 1091 2854 ut
1130 2819 1278 2871 queas
1302 2803 1444 2854 ferre.
1497 2802 1597 2853 Pa.
1637 2801 1812 2852 adeon'
1850 2817 1935 2851 me
1969 2797 2210 2866 ignavum

778 2874 974 2926 Adeon'
995 2876 1140 2944 porro
1160 2875 1430 2941 ingratum,
1444 2884 1530 2924 aut
1556 2872 1912 2932 inhumanum,
1927 2884 2015 2920 aut
2030 2868 2212 2941 ferum,

763 2945 854 2996 -Ut
873 2964 1035 3015 neque
1051 2964 1134 2997 me
1152 2944 1478 3008 consuetudO,
1497 2960 1661 3012 neque
1677 2961 1833 3005 amor,
1854 2957 2018 3010 neque
2034 2939 2212 3013 pudor,

779 3017 1127 3082 Commoveat,
1146 3034 1311 3085 neque
1332 3023 1668 3077 commoneat,
1688 3024 1744 3064 ut
1769 3030 1959 3065 servem
1981 3010 2163 3062 fidem?

150 3127 300 3155 caeteras
316 3119 442 3156 animo
466 3130 551 3154 meo
570 3119 741 3157 dilectam
760 3119 843 3159 loco
861 3121 984 3158 uxoris
1001 3119 1217 3158 habuerim:
1248 3133 1368 3171 egone
1385 3119 1503 3157 sinam
1522 3118 1600 3167 ejus
1620 3118 1814 3169 ingenium
1831 3117 1928 3153 benc
1947 3123 1987 3153 et
2005 3114 2137 3166 pudice
2155 3113 2214 3151 in-

151 3172 339 3218 stitutum,
367 3178 476 3220 atque
508 3171 718 3219 educatum,
742 3184 911 3224 *egestate
939 3183 1125 3219 coactum,
1156 3173 1227 3210 alia
1254 3174 1338 3210 vitae
1368 3172 1509 3210 ratione
1542 3171 1664 3209 minus
1692 3169 1849 3209 honesta
1875 3167 2088 3206 immutari?
2119 3164 2211 3204 Non

149 3222 296 3261 faciam.
351 3223 454 3283 My..
467 3221 557 3261 Non
576 3225 611 3262 id
630 3226 761 3272 timeo,
785 3230 816 3265 si
844 3226 944 3265 istud
963 3229 1003 3264 iu
1020 3226 1085 3264 tua
1109 3227 1220 3264 unius
1238 3233 1422 3277 potestate
1442 3226 1491 3262 sit
1513 3224 1697 3275 positum:
1727 3223 1790 3261 sed
1811 3224 1927 3260 timeo
1944 3230 1986 3258 ut
2004 3219 2215 3258 violentiam

149 3278 293 3327 paterni
313 3277 458 3327 imperil
477 3279 594 3326 possis
613 3281 804 3318 sustinere.
858 3281 928 3317 Pa.
956 3279 1110 3317 Adeone
1129 3291 1189 3316 me
1214 3277 1492 3330 pusillanimum
1508 3287 1613 3327 putas
1632 3291 1725 3323 esse,
1744 3275 1882 3314 adeone
1902 3276 1980 3324 ejus
1999 3274 2217 3326 meritorum

151 3341 239 3380 erga
256 3343 316 3366 me
335 3330 606 3378 immemorem,
626 3330 884 3377 inhumanum,
902 3341 965 3370 aut
984 3331 1118 3377 ferum,
1138 3340 1180 3368 ut
1198 3344 1319 3382 neque
1339 3343 1398 3368 me
1426 3329 1684 3368 familiaritatis
1699 3329 1928 3379 conjunctio,
1947 3338 2067 3378 neque
2095 3336 2214 3371 amor,

151 3394 272 3434 neque
290 3382 406 3433 pudor
424 3382 604 3434 impellat,
623 3392 661 3421 et
678 3385 888 3434 admoneat,
907 3394 950 3424 ut
965 3397 1191 3438 perseverem
1212 3384 1253 3422 in
1271 3383 1341 3421 fide
1360 3396 1446 3435 erga
1463 3382 1590 3421 illam?

1013 3569 1351 3629 ᾼΝΝοΤΑΤιο.

204 3711 255 3747 32
284 3705 406 3743 Paul·
436 3703 643 3753 momenta]
702 3702 927 3758 Metaphora
958 3704 980 3744 a
1010 3702 1173 3745 trutina:
1216 3704 1303 3745 cum
1322 3700 1374 3741 id
1403 3700 1503 3755 quod
1534 3701 1771 3754 ponderatur,
1804 3699 1845 3738 in
1875 3705 2044 3738 neutram
2070 3701 2214 3746 partem

151 3758 286 3810 vergit,
299 3767 340 3798 et
355 3758 538 3799 incertum
556 3756 706 3809 pendet.

2299 3359 2319 3367 ρ
