<?xml version="1.0" encoding="UTF-8"?>
<!DOCTYPE html PUBLIC "-//W3C//DTD XHTML 1.0 Transitional//EN"
    "http://www.w3.org/TR/xhtml1/DTD/xhtml1-transitional.dtd">
<html xmlns="http://www.w3.org/1999/xhtml" xml:lang="en" lang="en">
 <head>
  <title>
</title>
<meta http-equiv="Content-Type" content="text/html;charset=utf-8" />
  <meta name='ocr-system' content='tesseract 3.04.00' />
  <meta name='ocr-capabilities' content='ocr_page ocr_carea ocr_par ocr_line ocrx_word'/>
</head>
<body>
  <div class='ocr_page' id='page_1' title='image "./comoediaesexinte00tereuoft_0305.png"; bbox 0 0 2314 3944; ppageno 0'>
   <div class='ocr_carea' id='block_1_1' title="bbox 823 138 1518 194">
    <p class='ocr_par' dir='ltr' id='par_1_1' title="bbox 823 138 1518 194">
     <span class='ocr_line' id='line_1_1' title="bbox 823 138 1518 194; baseline 0.001 -2"><span class='ocrx_word' id='word_1_1' title='bbox 823 139 1057 193; x_wconf 86' lang='lat' dir='ltr'>ACTUS</span> <span class='ocrx_word' id='word_1_2' title='bbox 1093 140 1135 194; x_wconf 92' lang='grc' dir='ltr'>Ι.</span> <span class='ocrx_word' id='word_1_3' title='bbox 1206 138 1441 192; x_wconf 87' lang='lat' dir='ltr'>SCENA</span> <span class='ocrx_word' id='word_1_4' title='bbox 1475 139 1518 193; x_wconf 92' lang='grc' dir='ltr'>Ι.</span> 
     </span>
    </p>
   </div>
   <div class='ocr_carea' id='block_1_2' title="bbox 53 282 1567 3209">
    <p class='ocr_par' dir='ltr' id='par_1_2' title="bbox 142 282 1262 350">
     <span class='ocr_line' id='line_1_2' title="bbox 142 282 1262 350; baseline -0.004 -9"><span class='ocrx_word' id='word_1_5' title='bbox 142 287 214 340; x_wconf 87' lang='lat' dir='ltr'>Et</span> <span class='ocrx_word' id='word_1_6' title='bbox 237 285 330 350; x_wconf 84' lang='lat' dir='ltr'>tibi</span> <span class='ocrx_word' id='word_1_7' title='bbox 347 287 477 338; x_wconf 85' lang='lat' dir='ltr'>bene</span> <span class='ocrx_word' id='word_1_8' title='bbox 501 299 606 335; x_wconf 88' lang='lat' dir='ltr'>esse</span> <span class='ocrx_word' id='word_1_9' title='bbox 627 282 738 347; x_wconf 91' lang='lat' dir='ltr'>soli,</span> <span class='ocrx_word' id='word_1_10' title='bbox 764 284 882 336; x_wconf 76' lang='lat' dir='ltr'>cum</span> <span class='ocrx_word' id='word_1_11' title='bbox 906 283 1002 336; x_wconf 88' lang='lat' dir='ltr'>sibi</span> <span class='ocrx_word' id='word_1_12' title='bbox 1023 283 1087 337; x_wconf 91' lang='lat' dir='ltr'>sit</span> <span class='ocrx_word' id='word_1_13' title='bbox 1110 285 1262 336; x_wconf 74' lang='lat' dir='ltr'>male.</span> 
     </span>
    </p>

    <p class='ocr_par' dir='ltr' id='par_1_3' title="bbox 141 353 1225 428">
     <span class='ocr_line' id='line_1_3' title="bbox 141 353 1225 428; baseline -0.006 -16"><span class='ocrx_word' id='word_1_14' title='bbox 141 360 274 428; x_wconf 81' lang='lat' dir='ltr'>EgO,</span> <span class='ocrx_word' id='word_1_15' title='bbox 289 357 407 427; x_wconf 84' lang='lat' dir='ltr'>quia</span> <span class='ocrx_word' id='word_1_16' title='bbox 425 374 526 408; x_wconf 91' lang='lat' dir='ltr'>non</span> <span class='ocrx_word' id='word_1_17' title='bbox 547 355 694 407; x_wconf 89' lang='lat' dir='ltr'>rediit</span> <span class='ocrx_word' id='word_1_18' title='bbox 714 353 864 420; x_wconf 82' lang='lat' dir='ltr'>filius,</span> <span class='ocrx_word' id='word_1_19' title='bbox 889 374 1003 426; x_wconf 83' lang='lat' dir='ltr'>quae</span> <span class='ocrx_word' id='word_1_20' title='bbox 1027 354 1225 423; x_wconf 84' lang='lat' dir='ltr'>cogito!</span> 
     </span>
    </p>

    <p class='ocr_par' dir='ltr' id='par_1_4' title="bbox 142 423 1488 489">
     <span class='ocr_line' id='line_1_4' title="bbox 142 423 1488 489; baseline -0.004 -7"><span class='ocrx_word' id='word_1_21' title='bbox 142 429 332 487; x_wconf 84' lang='lat' dir='ltr'>Quibu’</span> <span class='ocrx_word' id='word_1_22' title='bbox 356 445 495 480; x_wconf 89' lang='lat' dir='ltr'>nunc</span> <span class='ocrx_word' id='word_1_23' title='bbox 518 426 759 479; x_wconf 89' lang='lat' dir='ltr'>sollicitor</span> <span class='ocrx_word' id='word_1_24' title='bbox 783 429 927 479; x_wconf 85' lang='lat' dir='ltr'>rebus</span> <span class='ocrx_word' id='word_1_25' title='bbox 947 427 957 480; x_wconf 88' lang='lat'>!</span> <span class='ocrx_word' id='word_1_26' title='bbox 996 445 1061 479; x_wconf 91' lang='lat' dir='ltr'>ne</span> <span class='ocrx_word' id='word_1_27' title='bbox 1084 439 1171 478; x_wconf 86' lang='lat' dir='ltr'>aut</span> <span class='ocrx_word' id='word_1_28' title='bbox 1193 426 1280 478; x_wconf 93' lang='lat' dir='ltr'>ille</span> <span class='ocrx_word' id='word_1_29' title='bbox 1304 423 1488 489; x_wconf 87' lang='lat' dir='ltr'>alserit,</span> 
     </span>
    </p>

    <p class='ocr_par' dir='ltr' id='par_1_5' title="bbox 138 497 1158 568">
     <span class='ocr_line' id='line_1_5' title="bbox 138 497 1158 568; baseline -0.002 -16"><span class='ocrx_word' id='word_1_30' title='bbox 138 503 245 557; x_wconf 91' lang='lat' dir='ltr'>Aut</span> <span class='ocrx_word' id='word_1_31' title='bbox 269 500 462 568; x_wconf 81' lang='lat' dir='ltr'>uspiam</span> <span class='ocrx_word' id='word_1_32' title='bbox 486 498 739 562; x_wconf 87' lang='lat' dir='ltr'>ceciderit,</span> <span class='ocrx_word' id='word_1_33' title='bbox 756 507 842 550; x_wconf 87' lang='lat' dir='ltr'>aut</span> <span class='ocrx_word' id='word_1_34' title='bbox 865 497 1158 568; x_wconf 84' lang='lat' dir='ltr'>perfregerit</span> 
     </span>
    </p>

    <p class='ocr_par' dir='ltr' id='par_1_6' title="bbox 137 566 1567 704">
     <span class='ocr_line' id='line_1_6' title="bbox 137 566 1567 641; baseline -0.003 -18"><span class='ocrx_word' id='word_1_35' title='bbox 137 571 364 641; x_wconf 84' lang='lat' dir='ltr'><strong>Aliquid.</strong></span> <span class='ocrx_word' id='word_1_36' title='bbox 400 570 514 634; x_wconf 87' lang='lat' dir='ltr'>vah,</span> <span class='ocrx_word' id='word_1_37' title='bbox 550 588 906 639; x_wconf 88' lang='lat' dir='ltr'>quenquamne</span> <span class='ocrx_word' id='word_1_38' title='bbox 943 569 1207 622; x_wconf 88' lang='lat' dir='ltr'>hominem</span> <span class='ocrx_word' id='word_1_39' title='bbox 1242 566 1298 620; x_wconf 91' lang='lat' dir='ltr'>in</span> <span class='ocrx_word' id='word_1_40' title='bbox 1335 566 1567 620; x_wconf 87' lang='lat' dir='ltr'>animum</span> 
     </span>
     <span class='ocr_line' id='line_1_7' title="bbox 281 642 670 704; baseline -0.003 -10"><span class='ocrx_word' id='word_1_41' title='bbox 281 642 555 704; x_wconf 85' lang='lat' dir='ltr'>instituere,</span> <span class='ocrx_word' id='word_1_42' title='bbox 581 653 670 693; x_wconf 89' lang='lat' dir='ltr'>aut</span> 
     </span>
    </p>

    <p class='ocr_par' dir='ltr' id='par_1_7' title="bbox 138 709 1328 784">
     <span class='ocr_line' id='line_1_8' title="bbox 138 709 1328 784; baseline -0.003 -18"><span class='ocrx_word' id='word_1_43' title='bbox 138 713 334 777; x_wconf 83' lang='lat' dir='ltr'>Parare,</span> <span class='ocrx_word' id='word_1_44' title='bbox 353 714 487 783; x_wconf 91' lang='lat' dir='ltr'>quod</span> <span class='ocrx_word' id='word_1_45' title='bbox 507 713 570 763; x_wconf 89' lang='lat' dir='ltr'>sit</span> <span class='ocrx_word' id='word_1_46' title='bbox 591 712 778 778; x_wconf 79' lang='lat' dir='ltr'>cariuS,</span> <span class='ocrx_word' id='word_1_47' title='bbox 791 713 945 784; x_wconf 67' lang='lat' dir='ltr'>quam</span> <span class='ocrx_word' id='word_1_48' title='bbox 970 711 1076 780; x_wconf 90' lang='lat' dir='ltr'>ipse</span> <span class='ocrx_word' id='word_1_49' title='bbox 1099 720 1175 762; x_wconf 89' lang='lat' dir='ltr'>est</span> <span class='ocrx_word' id='word_1_50' title='bbox 1197 709 1328 762; x_wconf 88' lang='lat' dir='ltr'>sibi?</span> 
     </span>
    </p>

    <p class='ocr_par' dir='ltr' id='par_1_8' title="bbox 137 780 1566 909">
     <span class='ocr_line' id='line_1_9' title="bbox 137 780 1566 857; baseline -0.003 -21"><span class='ocrx_word' id='word_1_51' title='bbox 137 785 300 857; x_wconf 89' lang='lat' dir='ltr'><strong>Atqui</strong></span> <span class='ocrx_word' id='word_1_52' title='bbox 325 803 385 836; x_wconf 85' lang='lat' dir='ltr'>ex</span> <span class='ocrx_word' id='word_1_53' title='bbox 412 803 494 837; x_wconf 90' lang='lat' dir='ltr'>me</span> <span class='ocrx_word' id='word_1_54' title='bbox 532 784 618 836; x_wconf 91' lang='lat' dir='ltr'>hic</span> <span class='ocrx_word' id='word_1_55' title='bbox 642 796 785 837; x_wconf 87' lang='lat' dir='ltr'>natus</span> <span class='ocrx_word' id='word_1_56' title='bbox 820 802 926 839; x_wconf 86' lang='lat' dir='ltr'>non</span> <span class='ocrx_word' id='word_1_57' title='bbox 955 792 1051 847; x_wconf 82' lang='lat' dir='ltr'>est,</span> <span class='ocrx_word' id='word_1_58' title='bbox 1087 782 1174 835; x_wconf 86' lang='lat' dir='ltr'>sed</span> <span class='ocrx_word' id='word_1_59' title='bbox 1210 799 1272 833; x_wconf 85' lang='lat' dir='ltr'>ex</span> <span class='ocrx_word' id='word_1_60' title='bbox 1307 783 1488 839; x_wconf 82' lang='lat' dir='ltr'>fratre:</span> <span class='ocrx_word' id='word_1_61' title='bbox 1526 780 1566 832; x_wconf 90' lang='lat' dir='ltr'>is</span> 
     </span>
     <span class='ocr_line' id='line_1_10' title="bbox 278 857 1564 909; baseline -0.002 -2"><span class='ocrx_word' id='word_1_62' title='bbox 278 857 405 909; x_wconf 72' lang='lat' dir='ltr'>adeo</span> <span class='ocrx_word' id='word_1_63' title='bbox 774 876 777 886; x_wconf 46' lang='lat'>*¹</span> <span class='ocrx_word' id='word_1_64' title='bbox 1502 857 1564 904; x_wconf 91' lang='lat'>15</span> 
     </span>
    </p>

    <p class='ocr_par' dir='ltr' id='par_1_9' title="bbox 137 923 1447 998">
     <span class='ocr_line' id='line_1_11' title="bbox 137 923 1447 998; baseline -0.004 -18"><span class='ocrx_word' id='word_1_65' title='bbox 137 927 391 983; x_wconf 81' lang='lat' dir='ltr'>Dissimili</span> <span class='ocrx_word' id='word_1_66' title='bbox 415 928 581 980; x_wconf 87' lang='lat' dir='ltr'>studio</span> <span class='ocrx_word' id='word_1_67' title='bbox 605 937 679 980; x_wconf 91' lang='lat' dir='ltr'>est</span> <span class='ocrx_word' id='word_1_68' title='bbox 698 949 714 993; x_wconf 91' lang='lat'>;</span> <span class='ocrx_word' id='word_1_69' title='bbox 745 926 854 998; x_wconf 85' lang='lat' dir='ltr'>jam</span> <span class='ocrx_word' id='word_1_70' title='bbox 880 926 997 979; x_wconf 90' lang='lat' dir='ltr'>inde</span> <span class='ocrx_word' id='word_1_71' title='bbox 1020 926 1083 977; x_wconf 86' lang='lat' dir='ltr'>ab</span> <span class='ocrx_word' id='word_1_72' title='bbox 1109 923 1447 977; x_wconf 69' lang='lat' dir='ltr'>adolescentia</span> 
     </span>
    </p>

    <p class='ocr_par' dir='ltr' id='par_1_10' title="bbox 135 995 1563 1070">
     <span class='ocr_line' id='line_1_12' title="bbox 135 995 1563 1070; baseline -0.003 -18"><span class='ocrx_word' id='word_1_73' title='bbox 135 998 252 1070; x_wconf 83' lang='lat' dir='ltr'>Ego</span> <span class='ocrx_word' id='word_1_74' title='bbox 273 999 409 1052; x_wconf 87' lang='lat' dir='ltr'>hanc</span> <span class='ocrx_word' id='word_1_75' title='bbox 432 1002 738 1054; x_wconf 89' lang='lat' dir='ltr'>clementem</span> <span class='ocrx_word' id='word_1_76' title='bbox 764 999 918 1052; x_wconf 87' lang='lat' dir='ltr'>vitam</span> <span class='ocrx_word' id='word_1_77' title='bbox 938 999 1201 1062; x_wconf 85' lang='lat' dir='ltr'>urbanam,</span> <span class='ocrx_word' id='word_1_78' title='bbox 1225 1005 1375 1065; x_wconf 85' lang='lat' dir='ltr'>atque</span> <span class='ocrx_word' id='word_1_79' title='bbox 1400 995 1563 1048; x_wconf 90' lang='lat' dir='ltr'>otium</span> 
     </span>
    </p>

    <p class='ocr_par' dir='ltr' id='par_1_11' title="bbox 137 1066 1439 1139">
     <span class='ocr_line' id='line_1_13' title="bbox 137 1066 1439 1139; baseline -0.002 -17"><span class='ocrx_word' id='word_1_80' title='bbox 137 1066 352 1124; x_wconf 83' lang='lat' dir='ltr'>Secutus</span> <span class='ocrx_word' id='word_1_81' title='bbox 374 1090 487 1124; x_wconf 89' lang='lat' dir='ltr'>sum</span> <span class='ocrx_word' id='word_1_82' title='bbox 508 1091 521 1123; x_wconf 76' lang='grc' dir='ltr'><strong>ε</strong></span> <span class='ocrx_word' id='word_1_83' title='bbox 559 1079 624 1136; x_wconf 91' lang='lat' dir='ltr'>et,</span> <span class='ocrx_word' id='word_1_84' title='bbox 651 1070 784 1139; x_wconf 90' lang='lat' dir='ltr'>quod</span> <span class='ocrx_word' id='word_1_85' title='bbox 808 1072 1117 1122; x_wconf 87' lang='lat' dir='ltr'>fortunatum</span> <span class='ocrx_word' id='word_1_86' title='bbox 1142 1067 1223 1119; x_wconf 88' lang='lat' dir='ltr'>isti</span> <span class='ocrx_word' id='word_1_87' title='bbox 1242 1077 1439 1137; x_wconf 89' lang='lat' dir='ltr'>putant,</span> 
     </span>
    </p>

    <p class='ocr_par' dir='ltr' id='par_1_12' title="bbox 135 1139 1511 1211">
     <span class='ocr_line' id='line_1_14' title="bbox 135 1139 1511 1211; baseline -0.001 -19"><span class='ocrx_word' id='word_1_88' title='bbox 135 1141 362 1194; x_wconf 83' lang='lat' dir='ltr'>Uxorem</span> <span class='ocrx_word' id='word_1_89' title='bbox 387 1159 646 1211; x_wconf 84' lang='lat' dir='ltr'>nunquam</span> <span class='ocrx_word' id='word_1_90' title='bbox 665 1141 834 1192; x_wconf 84' lang='lat' dir='ltr'>habui.</span> <span class='ocrx_word' id='word_1_91' title='bbox 859 1141 947 1192; x_wconf 90' lang='lat' dir='ltr'>ille</span> <span class='ocrx_word' id='word_1_92' title='bbox 973 1141 1161 1203; x_wconf 74' lang='lat' dir='ltr'>contra,</span> <span class='ocrx_word' id='word_1_93' title='bbox 1185 1139 1297 1190; x_wconf 82' lang='lat' dir='ltr'>haec</span> <span class='ocrx_word' id='word_1_94' title='bbox 1321 1139 1511 1191; x_wconf 88' lang='lat' dir='ltr'>omnia.</span> 
     </span>
    </p>

    <p class='ocr_par' dir='ltr' id='par_1_13' title="bbox 135 1210 1560 1281">
     <span class='ocr_line' id='line_1_15' title="bbox 135 1210 1560 1281; baseline 0 -18"><span class='ocrx_word' id='word_1_95' title='bbox 135 1211 262 1265; x_wconf 90' lang='lat' dir='ltr'>Ruri</span> <span class='ocrx_word' id='word_1_96' title='bbox 287 1230 433 1281; x_wconf 87' lang='lat' dir='ltr'>agere</span> <span class='ocrx_word' id='word_1_97' title='bbox 455 1212 609 1264; x_wconf 88' lang='lat' dir='ltr'>vitam</span> <span class='ocrx_word' id='word_1_98' title='bbox 630 1233 642 1265; x_wconf 80' lang='lat' dir='ltr'>t</span> <span class='ocrx_word' id='word_1_99' title='bbox 679 1229 878 1281; x_wconf 85' lang='lat' dir='ltr'>semper</span> <span class='ocrx_word' id='word_1_100' title='bbox 898 1214 1067 1281; x_wconf 79' lang='lat' dir='ltr'>parce,</span> <span class='ocrx_word' id='word_1_101' title='bbox 1092 1229 1151 1262; x_wconf 90' lang='lat' dir='ltr'>ac</span> <span class='ocrx_word' id='word_1_102' title='bbox 1172 1210 1360 1262; x_wconf 88' lang='lat' dir='ltr'>duriter</span> <span class='ocrx_word' id='word_1_103' title='bbox 1489 1215 1560 1263; x_wconf 82' lang='lat'>20</span> 
     </span>
    </p>

    <p class='ocr_par' dir='ltr' id='par_1_14' title="bbox 133 1282 1147 1345">
     <span class='ocr_line' id='line_1_16' title="bbox 133 1282 1147 1345; baseline -0.002 -11"><span class='ocrx_word' id='word_1_104' title='bbox 133 1283 202 1335; x_wconf 90' lang='lat' dir='ltr'>Se</span> <span class='ocrx_word' id='word_1_105' title='bbox 225 1285 441 1345; x_wconf 89' lang='lat' dir='ltr'>habere:</span> <span class='ocrx_word' id='word_1_106' title='bbox 478 1301 690 1336; x_wconf 83' lang='lat' dir='ltr'>uxorem</span> <span class='ocrx_word' id='word_1_107' title='bbox 715 1284 887 1335; x_wconf 85' lang='lat' dir='ltr'>duxit:</span> <span class='ocrx_word' id='word_1_108' title='bbox 925 1282 1147 1334; x_wconf 85' lang='lat' dir='ltr'>natifilii</span> 
     </span>
    </p>

    <p class='ocr_par' dir='ltr' id='par_1_15' title="bbox 129 1351 1428 1425">
     <span class='ocr_line' id='line_1_17' title="bbox 129 1351 1428 1425; baseline 0 -19"><span class='ocrx_word' id='word_1_109' title='bbox 129 1353 284 1419; x_wconf 85' lang='lat' dir='ltr'>Du03</span> <span class='ocrx_word' id='word_1_110' title='bbox 323 1354 441 1406; x_wconf 90' lang='lat' dir='ltr'>inde</span> <span class='ocrx_word' id='word_1_111' title='bbox 464 1373 559 1424; x_wconf 86' lang='lat' dir='ltr'>ego</span> <span class='ocrx_word' id='word_1_112' title='bbox 584 1355 722 1406; x_wconf 88' lang='lat' dir='ltr'>hunc</span> <span class='ocrx_word' id='word_1_113' title='bbox 746 1352 988 1425; x_wconf 87' lang='lat' dir='ltr'>majorem</span> <span class='ocrx_word' id='word_1_114' title='bbox 1011 1352 1245 1423; x_wconf 88' lang='lat' dir='ltr'>adoptavi</span> <span class='ocrx_word' id='word_1_115' title='bbox 1269 1351 1428 1406; x_wconf 87' lang='lat' dir='ltr'>mihi:</span> 
     </span>
    </p>

    <p class='ocr_par' dir='ltr' id='par_1_16' title="bbox 129 1424 1259 1495">
     <span class='ocr_line' id='line_1_18' title="bbox 129 1424 1259 1495; baseline -0.001 -18"><span class='ocrx_word' id='word_1_116' title='bbox 129 1424 300 1478; x_wconf 85' lang='lat' dir='ltr'>Eduxi</span> <span class='ocrx_word' id='word_1_117' title='bbox 322 1428 352 1477; x_wconf 73' lang='lat' dir='ltr'>a</span> <span class='ocrx_word' id='word_1_118' title='bbox 374 1428 597 1495; x_wconf 88' lang='lat' dir='ltr'>parvu10,</span> <span class='ocrx_word' id='word_1_119' title='bbox 621 1426 793 1490; x_wconf 86' lang='lat' dir='ltr'>habui,</span> <span class='ocrx_word' id='word_1_120' title='bbox 816 1425 981 1477; x_wconf 87' lang='lat' dir='ltr'>amavi</span> <span class='ocrx_word' id='word_1_121' title='bbox 997 1443 1090 1495; x_wconf 88' lang='lat' dir='ltr'>pro</span> <span class='ocrx_word' id='word_1_122' title='bbox 1112 1443 1259 1477; x_wconf 88' lang='lat' dir='ltr'>meo:</span> 
     </span>
    </p>

    <p class='ocr_par' dir='ltr' id='par_1_17' title="bbox 128 1495 1378 1550">
     <span class='ocr_line' id='line_1_19' title="bbox 128 1495 1378 1550; baseline -0.002 -2"><span class='ocrx_word' id='word_1_123' title='bbox 128 1496 191 1548; x_wconf 92' lang='lat' dir='ltr'>In</span> <span class='ocrx_word' id='word_1_124' title='bbox 213 1515 274 1549; x_wconf 94' lang='lat' dir='ltr'>eo</span> <span class='ocrx_word' id='word_1_125' title='bbox 294 1515 375 1550; x_wconf 88' lang='lat' dir='ltr'>me</span> <span class='ocrx_word' id='word_1_126' title='bbox 398 1499 626 1550; x_wconf 90' lang='lat' dir='ltr'>oblecto:</span> <span class='ocrx_word' id='word_1_127' title='bbox 668 1499 832 1548; x_wconf 91' lang='lat' dir='ltr'>solum</span> <span class='ocrx_word' id='word_1_128' title='bbox 857 1497 910 1548; x_wconf 93' lang='lat' dir='ltr'>id</span> <span class='ocrx_word' id='word_1_129' title='bbox 933 1506 1007 1548; x_wconf 90' lang='lat' dir='ltr'>est</span> <span class='ocrx_word' id='word_1_130' title='bbox 1030 1514 1203 1548; x_wconf 89' lang='lat' dir='ltr'>carum</span> <span class='ocrx_word' id='word_1_131' title='bbox 1231 1495 1378 1547; x_wconf 87' lang='lat' dir='ltr'>mihi.</span> 
     </span>
    </p>

    <p class='ocr_par' dir='ltr' id='par_1_18' title="bbox 128 1567 1364 1633">
     <span class='ocr_line' id='line_1_20' title="bbox 128 1567 1364 1633; baseline -0.001 -14"><span class='ocrx_word' id='word_1_132' title='bbox 128 1567 225 1620; x_wconf 91' lang='lat' dir='ltr'>Ille</span> <span class='ocrx_word' id='word_1_133' title='bbox 249 1577 306 1620; x_wconf 93' lang='lat' dir='ltr'>ut</span> <span class='ocrx_word' id='word_1_134' title='bbox 330 1569 453 1620; x_wconf 90' lang='lat' dir='ltr'>item</span> <span class='ocrx_word' id='word_1_135' title='bbox 478 1569 653 1620; x_wconf 67' lang='lat' dir='ltr'>contra</span> <span class='ocrx_word' id='word_1_136' title='bbox 675 1586 759 1620; x_wconf 91' lang='lat' dir='ltr'>me</span> <span class='ocrx_word' id='word_1_137' title='bbox 783 1568 982 1633; x_wconf 88' lang='lat' dir='ltr'>habeat,</span> <span class='ocrx_word' id='word_1_138' title='bbox 1005 1567 1137 1619; x_wconf 85' lang='lat' dir='ltr'>facio</span> <span class='ocrx_word' id='word_1_139' title='bbox 1158 1567 1364 1619; x_wconf 73' lang='lat' dir='ltr'>sedulo:</span> 
     </span>
    </p>

    <p class='ocr_par' dir='ltr' id='par_1_19' title="bbox 127 1637 1364 1709">
     <span class='ocr_line' id='line_1_21' title="bbox 127 1637 1364 1709; baseline -0.002 -18"><span class='ocrx_word' id='word_1_140' title='bbox 127 1638 231 1704; x_wconf 84' lang='lat' dir='ltr'>Dc,</span> <span class='ocrx_word' id='word_1_141' title='bbox 254 1639 615 1709; x_wconf 81' lang='lat' dir='ltr'>praetermitto:</span> <span class='ocrx_word' id='word_1_142' title='bbox 653 1657 757 1692; x_wconf 90' lang='lat' dir='ltr'>non</span> <span class='ocrx_word' id='word_1_143' title='bbox 779 1657 982 1691; x_wconf 90' lang='lat' dir='ltr'>necesse</span> <span class='ocrx_word' id='word_1_144' title='bbox 1006 1639 1168 1690; x_wconf 85' lang='lat' dir='ltr'>habeo</span> <span class='ocrx_word' id='word_1_145' title='bbox 1191 1637 1364 1690; x_wconf 87' lang='lat' dir='ltr'>omnia</span> 
     </span>
    </p>

    <p class='ocr_par' dir='ltr' id='par_1_20' title="bbox 128 1709 1427 1781">
     <span class='ocr_line' id='line_1_22' title="bbox 128 1709 1427 1781; baseline 0.002 -20"><span class='ocrx_word' id='word_1_146' title='bbox 128 1709 227 1762; x_wconf 91' lang='lat' dir='ltr'>Pro</span> <span class='ocrx_word' id='word_1_147' title='bbox 250 1728 367 1763; x_wconf 91' lang='lat' dir='ltr'>meo</span> <span class='ocrx_word' id='word_1_148' title='bbox 378 1709 492 1781; x_wconf 89' lang='lat' dir='ltr'>jure</span> <span class='ocrx_word' id='word_1_149' title='bbox 514 1729 692 1778; x_wconf 85' lang='lat' dir='ltr'>agere:</span> <span class='ocrx_word' id='word_1_150' title='bbox 729 1711 997 1781; x_wconf 78' lang='lat' dir='ltr'>postremo,</span> <span class='ocrx_word' id='word_1_151' title='bbox 1021 1709 1109 1764; x_wconf 89' lang='lat' dir='ltr'>alii</span> <span class='ocrx_word' id='word_1_152' title='bbox 1133 1710 1427 1763; x_wconf 88' lang='lat' dir='ltr'>clanculum</span> 
     </span>
    </p>

    <p class='ocr_par' dir='ltr' id='par_1_21' title="bbox 131 1780 1307 1851">
     <span class='ocr_line' id='line_1_23' title="bbox 131 1780 1307 1851; baseline -0.001 -17"><span class='ocrx_word' id='word_1_153' title='bbox 131 1780 303 1834; x_wconf 85' lang='lat' dir='ltr'>Patres</span> <span class='ocrx_word' id='word_1_154' title='bbox 326 1799 441 1851; x_wconf 85' lang='lat' dir='ltr'>quae</span> <span class='ocrx_word' id='word_1_155' title='bbox 464 1783 673 1847; x_wconf 85' lang='lat' dir='ltr'>faciunt,</span> <span class='ocrx_word' id='word_1_156' title='bbox 698 1799 812 1851; x_wconf 82' lang='lat' dir='ltr'>quae</span> <span class='ocrx_word' id='word_1_157' title='bbox 835 1783 931 1833; x_wconf 86' lang='lat' dir='ltr'>fert</span> <span class='ocrx_word' id='word_1_158' title='bbox 955 1780 1307 1846; x_wconf 83' lang='lat' dir='ltr'>adolescentia,</span> 
     </span>
    </p>

    <p class='ocr_par' dir='ltr' id='par_1_22' title="bbox 128 1851 1103 1917">
     <span class='ocr_line' id='line_1_24' title="bbox 128 1851 1103 1917; baseline 0.004 -14"><span class='ocrx_word' id='word_1_159' title='bbox 128 1851 208 1903; x_wconf 85' lang='lat' dir='ltr'>Ea</span> <span class='ocrx_word' id='word_1_160' title='bbox 231 1871 296 1905; x_wconf 91' lang='lat' dir='ltr'>ne</span> <span class='ocrx_word' id='word_1_161' title='bbox 319 1871 404 1905; x_wconf 91' lang='lat' dir='ltr'>me</span> <span class='ocrx_word' id='word_1_162' title='bbox 430 1855 575 1917; x_wconf 92' lang='lat' dir='ltr'>celet,</span> <span class='ocrx_word' id='word_1_163' title='bbox 599 1853 884 1905; x_wconf 90' lang='lat' dir='ltr'>consuefeci</span> <span class='ocrx_word' id='word_1_164' title='bbox 907 1852 1103 1907; x_wconf 87' lang='lat' dir='ltr'>filium:</span> 
     </span>
    </p>

    <p class='ocr_par' dir='ltr' id='par_1_23' title="bbox 130 1923 1485 1994">
     <span class='ocr_line' id='line_1_25' title="bbox 130 1923 1485 1994; baseline 0.001 -20"><span class='ocrx_word' id='word_1_165' title='bbox 130 1923 270 1976; x_wconf 89' lang='lat' dir='ltr'>Nam</span> <span class='ocrx_word' id='word_1_166' title='bbox 290 1924 378 1994; x_wconf 91' lang='lat' dir='ltr'>qui</span> <span class='ocrx_word' id='word_1_167' title='bbox 397 1924 601 1978; x_wconf 89' lang='lat' dir='ltr'>mentiri</span> <span class='ocrx_word' id='word_1_168' title='bbox 624 1935 711 1977; x_wconf 89' lang='lat' dir='ltr'>aut</span> <span class='ocrx_word' id='word_1_169' title='bbox 733 1926 907 1977; x_wconf 85' lang='lat' dir='ltr'>fallere</span> <span class='ocrx_word' id='word_1_170' title='bbox 933 1923 1140 1980; x_wconf 74' lang='lat' dir='ltr'>insuerit</span> <span class='ocrx_word' id='word_1_171' title='bbox 1161 1932 1373 1994; x_wconf 86' lang='lat' dir='ltr'>patrem,</span> <span class='ocrx_word' id='word_1_172' title='bbox 1396 1934 1485 1977; x_wconf 87' lang='lat' dir='ltr'>aut</span> 
     </span>
    </p>

    <p class='ocr_par' dir='ltr' id='par_1_24' title="bbox 126 1995 1550 2065">
     <span class='ocr_line' id='line_1_26' title="bbox 126 1995 1550 2065; baseline 0.001 -18"><span class='ocrx_word' id='word_1_173' title='bbox 126 1995 370 2061; x_wconf 88' lang='lat' dir='ltr'>Audebit,</span> <span class='ocrx_word' id='word_1_174' title='bbox 392 1997 533 2057; x_wconf 77' lang='lat' dir='ltr'>tanto</span> <span class='ocrx_word' id='word_1_175' title='bbox 553 1996 714 2065; x_wconf 85' lang='lat' dir='ltr'>magis</span> <span class='ocrx_word' id='word_1_176' title='bbox 732 1995 937 2050; x_wconf 85' lang='lat' dir='ltr'>audebit</span> <span class='ocrx_word' id='word_1_177' title='bbox 955 2004 1177 2050; x_wconf 85' lang='lat' dir='ltr'>caeteros.</span> <span class='ocrx_word' id='word_1_178' title='bbox 1483 2001 1550 2048; x_wconf 84' lang='lat'>31</span> 
     </span>
    </p>

    <p class='ocr_par' dir='ltr' id='par_1_25' title="bbox 130 2067 1073 2125">
     <span class='ocr_line' id='line_1_27' title="bbox 130 2067 1073 2125; baseline 0.001 -7"><span class='ocrx_word' id='word_1_179' title='bbox 130 2067 336 2125; x_wconf 83' lang='lat' dir='ltr'>Pudore</span> <span class='ocrx_word' id='word_1_180' title='bbox 359 2076 406 2120; x_wconf 81' lang='lat' dir='ltr'>et</span> <span class='ocrx_word' id='word_1_181' title='bbox 433 2068 732 2120; x_wconf 76' lang='lat' dir='ltr'>liberalitate</span> <span class='ocrx_word' id='word_1_182' title='bbox 754 2068 930 2120; x_wconf 76' lang='lat' dir='ltr'>liberos</span> <span class='ocrx_word' id='word_1_183' title='bbox 1071 2087 1073 2089; x_wconf 65' lang='grc'>’</span> 
     </span>
    </p>

    <p class='ocr_par' dir='ltr' id='par_1_26' title="bbox 127 2137 1227 2208">
     <span class='ocr_line' id='line_1_28' title="bbox 127 2137 1227 2208; baseline 0.003 -19"><span class='ocrx_word' id='word_1_184' title='bbox 127 2137 380 2204; x_wconf 79' lang='lat' dir='ltr'>Retinere,</span> <span class='ocrx_word' id='word_1_185' title='bbox 403 2141 565 2192; x_wconf 74' lang='lat' dir='ltr'>satius</span> <span class='ocrx_word' id='word_1_186' title='bbox 589 2157 694 2195; x_wconf 72' lang='lat' dir='ltr'>esse</span> <span class='ocrx_word' id='word_1_187' title='bbox 715 2141 878 2204; x_wconf 77' lang='lat' dir='ltr'>crede,</span> <span class='ocrx_word' id='word_1_188' title='bbox 902 2137 1054 2208; x_wconf 52' lang='lat' dir='ltr'>quam</span> <span class='ocrx_word' id='word_1_189' title='bbox 1076 2147 1227 2192; x_wconf 80' lang='lat' dir='ltr'>metu.</span> 
     </span>
    </p>

    <p class='ocr_par' dir='ltr' id='par_1_27' title="bbox 129 2208 1549 2282">
     <span class='ocr_line' id='line_1_29' title="bbox 129 2208 1549 2282; baseline 0.002 -22"><span class='ocrx_word' id='word_1_190' title='bbox 129 2208 262 2261; x_wconf 81' lang='lat' dir='ltr'>Haec</span> <span class='ocrx_word' id='word_1_191' title='bbox 286 2210 423 2262; x_wconf 88' lang='lat' dir='ltr'>fratri</span> <span class='ocrx_word' id='word_1_192' title='bbox 447 2229 650 2263; x_wconf 89' lang='lat' dir='ltr'>mecum</span> <span class='ocrx_word' id='word_1_193' title='bbox 675 2229 777 2263; x_wconf 91' lang='lat' dir='ltr'>non</span> <span class='ocrx_word' id='word_1_194' title='bbox 803 2212 1127 2276; x_wconf 84' lang='lat' dir='ltr'>conveniunt,</span> <span class='ocrx_word' id='word_1_195' title='bbox 1151 2228 1314 2282; x_wconf 88' lang='lat' dir='ltr'>neque</span> <span class='ocrx_word' id='word_1_196' title='bbox 1330 2212 1549 2280; x_wconf 82' lang='lat' dir='ltr'>placent.</span> 
     </span>
    </p>

    <p class='ocr_par' dir='ltr' id='par_1_28' title="bbox 127 2279 1549 2352">
     <span class='ocr_line' id='line_1_30' title="bbox 127 2279 1549 2352; baseline 0.003 -21"><span class='ocrx_word' id='word_1_197' title='bbox 127 2279 282 2332; x_wconf 88' lang='lat' dir='ltr'>Venit</span> <span class='ocrx_word' id='word_1_198' title='bbox 306 2283 370 2333; x_wconf 87' lang='lat' dir='ltr'>ad</span> <span class='ocrx_word' id='word_1_199' title='bbox 390 2300 472 2334; x_wconf 91' lang='lat' dir='ltr'>me</span> <span class='ocrx_word' id='word_1_200' title='bbox 491 2299 624 2351; x_wconf 80' lang='lat' dir='ltr'>saepe</span> <span class='ocrx_word' id='word_1_201' title='bbox 645 2282 926 2347; x_wconf 80' lang='lat' dir='ltr'>clamitanS,</span> <span class='ocrx_word' id='word_1_202' title='bbox 945 2283 1085 2341; x_wconf 82' lang='lat' dir='ltr'>Quid</span> <span class='ocrx_word' id='word_1_203' title='bbox 1103 2283 1226 2352; x_wconf 79' lang='lat' dir='ltr'>agiS,</span> <span class='ocrx_word' id='word_1_204' title='bbox 1247 2283 1436 2335; x_wconf 81' lang='lat' dir='ltr'>Mitio?</span> <span class='ocrx_word' id='word_1_205' title='bbox 1480 2287 1549 2335; x_wconf 87' lang='grc'>35</span> 
     </span>
    </p>

    <p class='ocr_par' dir='ltr' id='par_1_29' title="bbox 53 2350 1328 2422">
     <span class='ocr_line' id='line_1_31' title="bbox 53 2350 1328 2422; baseline 0.003 -20"><span class='ocrx_word' id='word_1_206' title='bbox 53 2351 61 2359; x_wconf 73' lang='grc'><em>’</em></span> <span class='ocrx_word' id='word_1_207' title='bbox 128 2350 234 2403; x_wconf 94' lang='lat' dir='ltr'>Cur</span> <span class='ocrx_word' id='word_1_208' title='bbox 255 2352 418 2422; x_wconf 88' lang='lat' dir='ltr'>perdis</span> <span class='ocrx_word' id='word_1_209' title='bbox 443 2355 811 2406; x_wconf 83' lang='lat' dir='ltr'>adolescentem</span> <span class='ocrx_word' id='word_1_210' title='bbox 831 2354 1008 2406; x_wconf 90' lang='lat' dir='ltr'>nobis?</span> <span class='ocrx_word' id='word_1_211' title='bbox 1048 2372 1138 2405; x_wconf 89' lang='lat' dir='ltr'>cur</span> <span class='ocrx_word' id='word_1_212' title='bbox 1158 2355 1328 2406; x_wconf 85' lang='lat' dir='ltr'>amat?</span> 
     </span>
    </p>

    <p class='ocr_par' dir='ltr' id='par_1_30' title="bbox 81 2423 1551 2641">
     <span class='ocr_line' id='line_1_32' title="bbox 81 2423 1470 2496; baseline 0.003 -24"><span class='ocrx_word' id='word_1_213' title='bbox 81 2462 86 2472; x_wconf 86' lang='grc'><em>,</em></span> <span class='ocrx_word' id='word_1_214' title='bbox 127 2423 234 2474; x_wconf 89' lang='lat' dir='ltr'>Cur</span> <span class='ocrx_word' id='word_1_215' title='bbox 254 2426 426 2493; x_wconf 83' lang='lat' dir='ltr'>potat?</span> <span class='ocrx_word' id='word_1_216' title='bbox 466 2443 556 2487; x_wconf 88' lang='lat' dir='ltr'>cur</span> <span class='ocrx_word' id='word_1_217' title='bbox 577 2437 634 2477; x_wconf 90' lang='lat' dir='ltr'>tu</span> <span class='ocrx_word' id='word_1_218' title='bbox 657 2425 736 2479; x_wconf 91' lang='lat' dir='ltr'>his</span> <span class='ocrx_word' id='word_1_219' title='bbox 757 2427 904 2478; x_wconf 89' lang='lat' dir='ltr'>rebus</span> <span class='ocrx_word' id='word_1_220' title='bbox 926 2436 1187 2496; x_wconf 89' lang='lat' dir='ltr'>sumptum</span> <span class='ocrx_word' id='word_1_221' title='bbox 1209 2423 1470 2494; x_wconf 84' lang='lat' dir='ltr'>suggeris?</span> 
     </span>
     <span class='ocr_line' id='line_1_33' title="bbox 124 2494 1421 2566; baseline 0.003 -21"><span class='ocrx_word' id='word_1_222' title='bbox 124 2494 323 2547; x_wconf 87' lang='lat' dir='ltr'>Vestitu</span> <span class='ocrx_word' id='word_1_223' title='bbox 349 2495 565 2549; x_wconf 76' lang='lat' dir='ltr'>nimium</span> <span class='ocrx_word' id='word_1_224' title='bbox 589 2496 851 2566; x_wconf 83' lang='lat' dir='ltr'>indulges:</span> <span class='ocrx_word' id='word_1_225' title='bbox 886 2497 1103 2550; x_wconf 78' lang='lat' dir='ltr'>nimium</span> <span class='ocrx_word' id='word_1_226' title='bbox 1128 2497 1327 2566; x_wconf 89' lang='lat' dir='ltr'>ineptus</span> <span class='ocrx_word' id='word_1_227' title='bbox 1351 2514 1421 2549; x_wconf 81' lang='lat' dir='ltr'>es,</span> 
     </span>
     <span class='ocr_line' id='line_1_34' title="bbox 126 2565 1551 2641; baseline 0.002 -23"><span class='ocrx_word' id='word_1_228' title='bbox 126 2565 364 2619; x_wconf 77' lang='lat' dir='ltr'>Nimium</span> <span class='ocrx_word' id='word_1_229' title='bbox 390 2567 494 2637; x_wconf 87' lang='lat' dir='ltr'>ipse</span> <span class='ocrx_word' id='word_1_230' title='bbox 519 2577 594 2629; x_wconf 84' lang='lat' dir='ltr'>est</span> <span class='ocrx_word' id='word_1_231' title='bbox 628 2569 779 2621; x_wconf 91' lang='lat' dir='ltr'>durus</span> <span class='ocrx_word' id='word_1_232' title='bbox 800 2589 813 2623; x_wconf 89' lang='lat'><strong>:</strong></span> <span class='ocrx_word' id='word_1_233' title='bbox 849 2578 1032 2639; x_wconf 84' lang='lat' dir='ltr'>praeter</span> <span class='ocrx_word' id='word_1_234' title='bbox 1053 2585 1362 2641; x_wconf 81' lang='lat' dir='ltr'>aequumque</span> <span class='ocrx_word' id='word_1_235' title='bbox 1385 2576 1437 2620; x_wconf 92' lang='lat' dir='ltr'>et</span> <span class='ocrx_word' id='word_1_236' title='bbox 1460 2568 1551 2621; x_wconf 93' lang='lat' dir='ltr'>bo-</span> 
     </span>
    </p>

    <p class='ocr_par' dir='ltr' id='par_1_31' title="bbox 268 2656 424 2692">
     <span class='ocr_line' id='line_1_35' title="bbox 268 2656 424 2692; baseline 0.013 -2"><span class='ocrx_word' id='word_1_237' title='bbox 268 2656 391 2691; x_wconf 91' lang='lat' dir='ltr'>num</span> <span class='ocrx_word' id='word_1_238' title='bbox 411 2659 424 2692; x_wconf 74' lang='grc' dir='ltr'><strong>ε</strong></span> 
     </span>
    </p>

    <p class='ocr_par' dir='ltr' id='par_1_32' title="bbox 133 2709 1172 2782">
     <span class='ocr_line' id='line_1_36' title="bbox 133 2709 1172 2782; baseline 0.004 -22"><span class='ocrx_word' id='word_1_239' title='bbox 133 2710 206 2761; x_wconf 83' lang='lat' dir='ltr'>Ut</span> <span class='ocrx_word' id='word_1_240' title='bbox 230 2718 366 2762; x_wconf 83' lang='lat' dir='ltr'>errat</span> <span class='ocrx_word' id='word_1_241' title='bbox 392 2710 535 2781; x_wconf 64' lang='lat' dir='ltr'>longe</span> <span class='ocrx_word' id='word_1_242' title='bbox 557 2709 669 2765; x_wconf 68' lang='lat' dir='ltr'>‘meli</span> <span class='ocrx_word' id='word_1_243' title='bbox 692 2711 892 2782; x_wconf 70' lang='lat' dir='ltr'>quidem</span> <span class='ocrx_word' id='word_1_244' title='bbox 914 2709 1172 2777; x_wconf 75' lang='lat' dir='ltr'>sententici,</span> 
     </span>
    </p>

    <p class='ocr_par' dir='ltr' id='par_1_33' title="bbox 129 2780 1450 2853">
     <span class='ocr_line' id='line_1_37' title="bbox 129 2780 1450 2853; baseline 0.001 -21"><span class='ocrx_word' id='word_1_245' title='bbox 129 2780 231 2839; x_wconf 77' lang='lat' dir='ltr'>Qui</span> <span class='ocrx_word' id='word_1_246' title='bbox 254 2782 517 2849; x_wconf 76' lang='lat' dir='ltr'>imperium</span> <span class='ocrx_word' id='word_1_247' title='bbox 540 2785 713 2836; x_wconf 79' lang='lat' dir='ltr'>credat</span> <span class='ocrx_word' id='word_1_248' title='bbox 733 2784 943 2853; x_wconf 76' lang='lat' dir='ltr'>gravius</span> <span class='ocrx_word' id='word_1_249' title='bbox 967 2801 1071 2835; x_wconf 75' lang='lat' dir='ltr'>esse</span> <span class='ocrx_word' id='word_1_250' title='bbox 1093 2791 1185 2835; x_wconf 83' lang='lat' dir='ltr'>aut</span> <span class='ocrx_word' id='word_1_251' title='bbox 1206 2782 1450 2847; x_wconf 67' lang='lat' dir='ltr'>stabilim,</span> 
     </span>
    </p>

    <p class='ocr_par' dir='ltr' id='par_1_34' title="bbox 123 2849 1511 3067">
     <span class='ocr_line' id='line_1_38' title="bbox 133 2849 1511 2925; baseline 0.007 -23"><span class='ocrx_word' id='word_1_252' title='bbox 133 2849 196 2916; x_wconf 79' lang='lat' dir='ltr'>Vi</span> <span class='ocrx_word' id='word_1_253' title='bbox 216 2854 348 2922; x_wconf 79' lang='lat' dir='ltr'>quod</span> <span class='ocrx_word' id='word_1_254' title='bbox 357 2853 448 2919; x_wconf 83' lang='lat' dir='ltr'>fit,</span> <span class='ocrx_word' id='word_1_255' title='bbox 473 2852 626 2925; x_wconf 68' lang='lat' dir='ltr'>qudm</span> <span class='ocrx_word' id='word_1_256' title='bbox 643 2855 771 2908; x_wconf 72' lang='lat' dir='ltr'>illud</span> <span class='ocrx_word' id='word_1_257' title='bbox 794 2857 925 2924; x_wconf 81' lang='lat' dir='ltr'>quod</span> <span class='ocrx_word' id='word_1_258' title='bbox 948 2854 1175 2907; x_wconf 59' lang='lat' dir='ltr'>amicitia</span> <span class='ocrx_word' id='word_1_259' title='bbox 1199 2853 1511 2923; x_wconf 75' lang='lat' dir='ltr'>adjung-itur.</span> 
     </span>
     <span class='ocr_line' id='line_1_39' title="bbox 123 2921 1458 2990; baseline 0.007 -17"><span class='ocrx_word' id='word_1_260' title='bbox 123 2921 249 2976; x_wconf 87' lang='lat' dir='ltr'>Mea</span> <span class='ocrx_word' id='word_1_261' title='bbox 265 2923 338 2976; x_wconf 90' lang='lat' dir='ltr'>sic</span> <span class='ocrx_word' id='word_1_262' title='bbox 356 2934 430 2978; x_wconf 87' lang='lat' dir='ltr'>est</span> <span class='ocrx_word' id='word_1_263' title='bbox 447 2926 590 2990; x_wconf 87' lang='lat' dir='ltr'>ratio,</span> <span class='ocrx_word' id='word_1_264' title='bbox 614 2935 666 2979; x_wconf 90' lang='lat' dir='ltr'>et</span> <span class='ocrx_word' id='word_1_265' title='bbox 687 2926 760 2978; x_wconf 89' lang='lat' dir='ltr'>sic</span> <span class='ocrx_word' id='word_1_266' title='bbox 783 2926 1013 2980; x_wconf 88' lang='lat' dir='ltr'>animum</span> <span class='ocrx_word' id='word_1_267' title='bbox 1039 2925 1225 2980; x_wconf 85' lang='lat' dir='ltr'>induco</span> <span class='ocrx_word' id='word_1_268' title='bbox 1250 2943 1422 2980; x_wconf 84' lang='lat' dir='ltr'>meum</span> <span class='ocrx_word' id='word_1_269' title='bbox 1445 2950 1458 2982; x_wconf 73' lang='grc' dir='ltr'><strong>ε</strong></span> 
     </span>
     <span class='ocr_line' id='line_1_40' title="bbox 123 2992 1184 3067; baseline 0.004 -21"><span class='ocrx_word' id='word_1_270' title='bbox 123 2992 269 3046; x_wconf 91' lang='lat' dir='ltr'>Malo</span> <span class='ocrx_word' id='word_1_271' title='bbox 292 3006 494 3050; x_wconf 82' lang='lat' dir='ltr'>coactus</span> <span class='ocrx_word' id='word_1_272' title='bbox 513 2998 600 3067; x_wconf 93' lang='lat' dir='ltr'>qui</span> <span class='ocrx_word' id='word_1_273' title='bbox 621 3016 771 3051; x_wconf 88' lang='lat' dir='ltr'>suum</span> <span class='ocrx_word' id='word_1_274' title='bbox 795 2997 1020 3051; x_wconf 86' lang='lat' dir='ltr'>officium</span> <span class='ocrx_word' id='word_1_275' title='bbox 1046 2997 1184 3063; x_wconf 87' lang='lat' dir='ltr'>facit,</span> 
     </span>
    </p>

    <p class='ocr_par' dir='ltr' id='par_1_35' title="bbox 122 3062 1429 3209">
     <span class='ocr_line' id='line_1_41' title="bbox 122 3062 1338 3138; baseline 0.005 -21"><span class='ocrx_word' id='word_1_276' title='bbox 122 3062 267 3127; x_wconf 80' lang='lat' dir='ltr'>Dum</span> <span class='ocrx_word' id='word_1_277' title='bbox 290 3065 343 3130; x_wconf 85' lang='lat' dir='ltr'>id</span> <span class='ocrx_word' id='word_1_278' title='bbox 361 3069 599 3130; x_wconf 77' lang='lat' dir='ltr'>rescitum</span> <span class='ocrx_word' id='word_1_279' title='bbox 624 3069 686 3122; x_wconf 90' lang='lat' dir='ltr'>iri</span> <span class='ocrx_word' id='word_1_280' title='bbox 710 3069 885 3134; x_wconf 88' lang='lat' dir='ltr'>credit,</span> <span class='ocrx_word' id='word_1_281' title='bbox 907 3068 1147 3138; x_wconf 84' lang='lat' dir='ltr'>tantisper</span> <span class='ocrx_word' id='word_1_282' title='bbox 1166 3079 1338 3123; x_wconf 86' lang='lat' dir='ltr'>cavet:</span> 
     </span>
     <span class='ocr_line' id='line_1_42' title="bbox 123 3133 1429 3209; baseline 0.006 -25"><span class='ocrx_word' id='word_1_283' title='bbox 123 3133 181 3185; x_wconf 91' lang='lat' dir='ltr'>Si</span> <span class='ocrx_word' id='word_1_284' title='bbox 204 3146 368 3205; x_wconf 86' lang='lat' dir='ltr'>sperat</span> <span class='ocrx_word' id='word_1_285' title='bbox 387 3140 493 3192; x_wconf 90' lang='lat' dir='ltr'>fore</span> <span class='ocrx_word' id='word_1_286' title='bbox 517 3143 668 3208; x_wconf 73' lang='lat' dir='ltr'>clam,</span> <span class='ocrx_word' id='word_1_287' title='bbox 691 3158 887 3193; x_wconf 90' lang='lat' dir='ltr'>rursum</span> <span class='ocrx_word' id='word_1_288' title='bbox 914 3142 978 3193; x_wconf 89' lang='lat' dir='ltr'>ad</span> <span class='ocrx_word' id='word_1_289' title='bbox 1001 3140 1264 3209; x_wconf 88' lang='lat' dir='ltr'>ingenium</span> <span class='ocrx_word' id='word_1_290' title='bbox 1283 3139 1429 3193; x_wconf 89' lang='lat' dir='ltr'>redit.</span> 
     </span>
    </p>
   </div>
   <div class='ocr_carea' id='block_1_3' title="bbox 1501 357 1566 404">
    <p class='ocr_par' dir='ltr' id='par_1_36' title="bbox 1501 357 1566 404">
     <span class='ocr_line' id='line_1_43' title="bbox 1501 357 1566 404; baseline 0.015 -1"><span class='ocrx_word' id='word_1_291' title='bbox 1501 357 1566 404; x_wconf 87' lang='lat'>10</span> 
     </span>
    </p>
   </div>
   <div class='ocr_carea' id='block_1_4' title="bbox 1484 1570 1554 1619">
    <p class='ocr_par' dir='ltr' id='par_1_37' title="bbox 1484 1570 1554 1619">
     <span class='ocr_line' id='line_1_44' title="bbox 1484 1570 1554 1619; baseline -0.014 0"><span class='ocrx_word' id='word_1_292' title='bbox 1484 1570 1554 1619; x_wconf 83' lang='lat'>25</span> 
     </span>
    </p>
   </div>
   <div class='ocr_carea' id='block_1_5' title="bbox 1481 2717 1552 2764">
    <p class='ocr_par' dir='ltr' id='par_1_38' title="bbox 1481 2717 1552 2764">
     <span class='ocr_line' id='line_1_45' title="bbox 1481 2717 1552 2764; baseline 0 0"><span class='ocrx_word' id='word_1_293' title='bbox 1481 2717 1552 2764; x_wconf 83' lang='lat'>40</span> 
     </span>
    </p>
   </div>
   <div class='ocr_carea' id='block_1_6' title="bbox 1475 3072 1543 3120">
    <p class='ocr_par' dir='ltr' id='par_1_39' title="bbox 1475 3072 1543 3120">
     <span class='ocr_line' id='line_1_46' title="bbox 1475 3072 1543 3120; baseline 0 0"><span class='ocrx_word' id='word_1_294' title='bbox 1475 3072 1543 3120; x_wconf 86' lang='lat'>45</span> 
     </span>
    </p>
   </div>
   <div class='ocr_carea' id='block_1_7' title="bbox 2091 143 2197 206">
    <p class='ocr_par' dir='ltr' id='par_1_40' title="bbox 2091 143 2197 206">
     <span class='ocr_line' id='line_1_47' title="bbox 2091 143 2197 206; baseline 0.009 -13"><span class='ocrx_word' id='word_1_295' title='bbox 2091 143 2197 206; x_wconf 77' lang='grc'>,157</span> 
     </span>
    </p>
   </div>
   <div class='ocr_carea' id='block_1_8' title="bbox 1610 280 2198 1547">
    <p class='ocr_par' dir='ltr' id='par_1_41' title="bbox 1610 280 2198 1547">
     <span class='ocr_line' id='line_1_48' title="bbox 1620 280 2198 332; baseline 0.007 -13"><span class='ocrx_word' id='word_1_296' title='bbox 1620 280 1778 332; x_wconf 82' lang='lat' dir='ltr'>denique</span> <span class='ocrx_word' id='word_1_297' title='bbox 1796 281 1975 320; x_wconf 83' lang='lat' dir='ltr'>tesolum</span> <span class='ocrx_word' id='word_1_298' title='bbox 1993 283 2031 320; x_wconf 88' lang='lat' dir='ltr'>in</span> <span class='ocrx_word' id='word_1_299' title='bbox 2055 282 2198 324; x_wconf 72' lang='lat' dir='ltr'>deliciis</span> 
     </span>
     <span class='ocr_line' id='line_1_49' title="bbox 1620 335 2198 386; baseline 0.003 -14"><span class='ocrx_word' id='word_1_300' title='bbox 1620 335 1766 381; x_wconf 82' lang='lat' dir='ltr'>versari,</span> <span class='ocrx_word' id='word_1_301' title='bbox 1798 335 1886 373; x_wconf 90' lang='lat' dir='ltr'>dum</span> <span class='ocrx_word' id='word_1_302' title='bbox 1905 336 1986 386; x_wconf 87' lang='lat' dir='ltr'>ipsa</span> <span class='ocrx_word' id='word_1_303' title='bbox 2016 336 2198 379; x_wconf 62' lang='lat' dir='ltr'>molestiis</span> 
     </span>
     <span class='ocr_line' id='line_1_50' title="bbox 1620 388 2196 437; baseline 0.007 -13"><span class='ocrx_word' id='word_1_304' title='bbox 1620 396 1659 425; x_wconf 88' lang='lat' dir='ltr'>et</span> <span class='ocrx_word' id='word_1_305' title='bbox 1685 388 1838 426; x_wconf 72' lang='lat' dir='ltr'>tristitia</span> <span class='ocrx_word' id='word_1_306' title='bbox 1868 388 2063 425; x_wconf 85' lang='lat' dir='ltr'>cruciatur.</span> <span class='ocrx_word' id='word_1_307' title='bbox 2116 389 2196 437; x_wconf 87' lang='lat' dir='ltr'>Ah,</span> 
     </span>
     <span class='ocr_line' id='line_1_51' title="bbox 1619 441 2197 492; baseline 0.005 -15"><span class='ocrx_word' id='word_1_308' title='bbox 1619 454 1702 491; x_wconf 84' lang='lat' dir='ltr'>quae</span> <span class='ocrx_word' id='word_1_309' title='bbox 1711 441 1936 492; x_wconf 83' lang='lat' dir='ltr'>suspiciones</span> <span class='ocrx_word' id='word_1_310' title='bbox 1946 450 2107 480; x_wconf 79' lang='lat' dir='ltr'>mentem</span> <span class='ocrx_word' id='word_1_311' title='bbox 2118 456 2197 480; x_wconf 88' lang='lat' dir='ltr'>me-</span> 
     </span>
     <span class='ocr_line' id='line_1_52' title="bbox 1619 495 2198 545; baseline 0 -14"><span class='ocrx_word' id='word_1_312' title='bbox 1619 507 1680 531; x_wconf 84' lang='lat' dir='ltr'>am</span> <span class='ocrx_word' id='word_1_313' title='bbox 1712 495 1867 545; x_wconf 82' lang='lat' dir='ltr'>agitant,</span> <span class='ocrx_word' id='word_1_314' title='bbox 1902 495 1989 544; x_wconf 87' lang='lat' dir='ltr'>quia</span> <span class='ocrx_word' id='word_1_315' title='bbox 2028 507 2102 531; x_wconf 87' lang='lat' dir='ltr'>non</span> <span class='ocrx_word' id='word_1_316' title='bbox 2140 508 2198 532; x_wconf 89' lang='lat' dir='ltr'>re-</span> 
     </span>
     <span class='ocr_line' id='line_1_53' title="bbox 1619 546 2197 597; baseline 0.005 -14"><span class='ocrx_word' id='word_1_317' title='bbox 1619 547 1688 584; x_wconf 87' lang='lat' dir='ltr'>diit</span> <span class='ocrx_word' id='word_1_318' title='bbox 1704 546 1821 585; x_wconf 85' lang='lat' dir='ltr'>filius!</span> <span class='ocrx_word' id='word_1_319' title='bbox 1850 547 1985 597; x_wconf 81' lang='lat' dir='ltr'>quibus</span> <span class='ocrx_word' id='word_1_320' title='bbox 1999 546 2197 586; x_wconf 77' lang='lat' dir='ltr'>timoribus</span> 
     </span>
     <span class='ocr_line' id='line_1_54' title="bbox 1620 600 2197 651; baseline 0.005 -15"><span class='ocrx_word' id='word_1_321' title='bbox 1620 600 1764 637; x_wconf 89' lang='lat' dir='ltr'>animus</span> <span class='ocrx_word' id='word_1_322' title='bbox 1791 600 1957 651; x_wconf 84' lang='lat' dir='ltr'>angitur!</span> <span class='ocrx_word' id='word_1_323' title='bbox 1987 613 2034 637; x_wconf 85' lang='lat' dir='ltr'>ne</span> <span class='ocrx_word' id='word_1_324' title='bbox 2051 610 2115 639; x_wconf 75' lang='lat' dir='ltr'>aut</span> <span class='ocrx_word' id='word_1_325' title='bbox 2133 601 2197 639; x_wconf 86' lang='lat' dir='ltr'>ille</span> 
     </span>
     <span class='ocr_line' id='line_1_55' title="bbox 1620 650 2197 704; baseline 0.002 -14"><span class='ocrx_word' id='word_1_326' title='bbox 1620 650 1822 691; x_wconf 82' lang='lat' dir='ltr'>AEschinus</span> <span class='ocrx_word' id='word_1_327' title='bbox 1839 653 1963 704; x_wconf 80' lang='lat' dir='ltr'>algore</span> <span class='ocrx_word' id='word_1_328' title='bbox 1993 652 2197 704; x_wconf 84' lang='lat' dir='ltr'>obstupue-</span> 
     </span>
     <span class='ocr_line' id='line_1_56' title="bbox 1618 705 2198 756; baseline 0.007 -15"><span class='ocrx_word' id='word_1_329' title='bbox 1618 705 1679 748; x_wconf 84' lang='lat' dir='ltr'>rit,</span> <span class='ocrx_word' id='word_1_330' title='bbox 1697 714 1762 743; x_wconf 88' lang='lat' dir='ltr'>aut</span> <span class='ocrx_word' id='word_1_331' title='bbox 1780 707 1922 756; x_wconf 83' lang='lat' dir='ltr'>uspiam</span> <span class='ocrx_word' id='word_1_332' title='bbox 1935 705 2059 756; x_wconf 84' lang='lat' dir='ltr'>lapsus</span> <span class='ocrx_word' id='word_1_333' title='bbox 2078 719 2198 751; x_wconf 80' lang='lat' dir='ltr'>mem-</span> 
     </span>
     <span class='ocr_line' id='line_1_57' title="bbox 1618 755 2195 808; baseline 0.005 -14"><span class='ocrx_word' id='word_1_334' title='bbox 1618 755 1726 796; x_wconf 90' lang='lat' dir='ltr'>brum</span> <span class='ocrx_word' id='word_1_335' title='bbox 1759 755 1909 808; x_wconf 71' lang='lat' dir='ltr'>&#39;aliquod</span> <span class='ocrx_word' id='word_1_336' title='bbox 1939 757 2010 797; x_wconf 88' lang='lat' dir='ltr'>sibi</span> <span class='ocrx_word' id='word_1_337' title='bbox 2035 759 2195 799; x_wconf 87' lang='lat' dir='ltr'>omnino</span> 
     </span>
     <span class='ocr_line' id='line_1_58' title="bbox 1617 810 2198 862; baseline 0.005 -15"><span class='ocrx_word' id='word_1_338' title='bbox 1617 811 1770 861; x_wconf 85' lang='lat' dir='ltr'>ruperit.</span> <span class='ocrx_word' id='word_1_339' title='bbox 1806 810 1917 849; x_wconf 84' lang='lat' dir='ltr'>Vah!</span> <span class='ocrx_word' id='word_1_340' title='bbox 1946 820 2118 862; x_wconf 84' lang='lat' dir='ltr'>potestne</span> <span class='ocrx_word' id='word_1_341' title='bbox 2150 811 2198 850; x_wconf 82' lang='lat' dir='ltr'>il-</span> 
     </span>
     <span class='ocr_line' id='line_1_59' title="bbox 1618 861 2195 916; baseline 0.003 -16"><span class='ocrx_word' id='word_1_342' title='bbox 1618 861 1682 900; x_wconf 90' lang='lat' dir='ltr'>lud</span> <span class='ocrx_word' id='word_1_343' title='bbox 1719 876 1814 909; x_wconf 83' lang='lat' dir='ltr'>esse,</span> <span class='ocrx_word' id='word_1_344' title='bbox 1851 872 1894 903; x_wconf 90' lang='lat' dir='ltr'>ut</span> <span class='ocrx_word' id='word_1_345' title='bbox 1930 866 2111 916; x_wconf 85' lang='lat' dir='ltr'>quispiam</span> <span class='ocrx_word' id='word_1_346' title='bbox 2141 864 2195 908; x_wconf 69' lang='lat' dir='ltr'>ita</span> 
     </span>
     <span class='ocr_line' id='line_1_60' title="bbox 1618 916 2194 968; baseline 0.003 -15"><span class='ocrx_word' id='word_1_347' title='bbox 1618 916 1743 953; x_wconf 89' lang='lat' dir='ltr'>animo</span> <span class='ocrx_word' id='word_1_348' title='bbox 1770 917 1819 954; x_wconf 89' lang='lat' dir='ltr'>sit</span> <span class='ocrx_word' id='word_1_349' title='bbox 1835 916 2004 964; x_wconf 85' lang='lat' dir='ltr'>affectus,</span> <span class='ocrx_word' id='word_1_350' title='bbox 2021 928 2068 956; x_wconf 88' lang='lat' dir='ltr'>ut</span> <span class='ocrx_word' id='word_1_351' title='bbox 2085 918 2194 968; x_wconf 84' lang='lat' dir='ltr'>quid-</span> 
     </span>
     <span class='ocr_line' id='line_1_61' title="bbox 1617 967 2196 1021; baseline 0.009 -15"><span class='ocrx_word' id='word_1_352' title='bbox 1617 981 1728 1019; x_wconf 85' lang='lat' dir='ltr'>quam</span> <span class='ocrx_word' id='word_1_353' title='bbox 1755 967 1898 1007; x_wconf 87' lang='lat' dir='ltr'>charius</span> <span class='ocrx_word' id='word_1_354' title='bbox 1923 968 2058 1008; x_wconf 88' lang='lat' dir='ltr'>habeat</span> <span class='ocrx_word' id='word_1_355' title='bbox 2082 969 2196 1021; x_wconf 58' lang='lat' dir='ltr'>quam</span> 
     </span>
     <span class='ocr_line' id='line_1_62' title="bbox 1615 1022 2192 1073; baseline 0.005 -15"><span class='ocrx_word' id='word_1_356' title='bbox 1615 1022 1808 1073; x_wconf 84' lang='lat' dir='ltr'>seipsum?</span> <span class='ocrx_word' id='word_1_357' title='bbox 1848 1022 2027 1060; x_wconf 88' lang='lat' dir='ltr'>Attamen</span> <span class='ocrx_word' id='word_1_358' title='bbox 2058 1036 2105 1060; x_wconf 85' lang='lat' dir='ltr'>ex</span> <span class='ocrx_word' id='word_1_359' title='bbox 2130 1036 2192 1066; x_wconf 83' lang='lat' dir='ltr'>me</span> 
     </span>
     <span class='ocr_line' id='line_1_63' title="bbox 1614 1071 2193 1126; baseline 0.009 -15"><span class='ocrx_word' id='word_1_360' title='bbox 1614 1071 1676 1112; x_wconf 91' lang='lat' dir='ltr'>hic</span> <span class='ocrx_word' id='word_1_361' title='bbox 1696 1088 1771 1112; x_wconf 89' lang='lat' dir='ltr'>non</span> <span class='ocrx_word' id='word_1_362' title='bbox 1796 1083 1855 1112; x_wconf 88' lang='lat' dir='ltr'>est</span> <span class='ocrx_word' id='word_1_363' title='bbox 1881 1075 2045 1126; x_wconf 59' lang='lat' dir='ltr'>genum,</span> <span class='ocrx_word' id='word_1_364' title='bbox 2064 1075 2193 1116; x_wconf 61' lang='lat' dir='ltr'>sedeat</span> 
     </span>
     <span class='ocr_line' id='line_1_64' title="bbox 1612 1125 2194 1168; baseline 0.007 -4"><span class='ocrx_word' id='word_1_365' title='bbox 1612 1125 1725 1165; x_wconf 85' lang='lat' dir='ltr'>fratre</span> <span class='ocrx_word' id='word_1_366' title='bbox 1743 1140 1827 1164; x_wconf 89' lang='lat' dir='ltr'>meo</span> <span class='ocrx_word' id='word_1_367' title='bbox 1843 1126 2000 1166; x_wconf 65' lang='lat' dir='ltr'>Demea.</span> <span class='ocrx_word' id='word_1_368' title='bbox 2053 1126 2093 1168; x_wconf 86' lang='lat' dir='ltr'>Is</span> <span class='ocrx_word' id='word_1_369' title='bbox 2118 1127 2194 1168; x_wconf 84' lang='lat' dir='ltr'>fra-</span> 
     </span>
     <span class='ocr_line' id='line_1_65' title="bbox 1611 1180 2192 1219; baseline 0.003 -2"><span class='ocrx_word' id='word_1_370' title='bbox 1611 1188 1670 1217; x_wconf 90' lang='lat' dir='ltr'>ter</span> <span class='ocrx_word' id='word_1_371' title='bbox 1686 1180 1914 1218; x_wconf 86' lang='lat' dir='ltr'>dissimiliter</span> <span class='ocrx_word' id='word_1_372' title='bbox 1940 1182 2054 1218; x_wconf 89' lang='lat' dir='ltr'>vitam</span> <span class='ocrx_word' id='word_1_373' title='bbox 2082 1182 2192 1219; x_wconf 87' lang='lat' dir='ltr'>insti-</span> 
     </span>
     <span class='ocr_line' id='line_1_66' title="bbox 1613 1234 2189 1284; baseline 0.003 -14"><span class='ocrx_word' id='word_1_374' title='bbox 1613 1234 1702 1280; x_wconf 85' lang='lat' dir='ltr'>tuit,</span> <span class='ocrx_word' id='word_1_375' title='bbox 1734 1243 1845 1284; x_wconf 83' lang='lat' dir='ltr'>atque</span> <span class='ocrx_word' id='word_1_376' title='bbox 1877 1246 1962 1284; x_wconf 83' lang='lat' dir='ltr'>ego,</span> <span class='ocrx_word' id='word_1_377' title='bbox 1986 1234 2066 1280; x_wconf 88' lang='lat' dir='ltr'>jam</span> <span class='ocrx_word' id='word_1_378' title='bbox 2102 1235 2189 1272; x_wconf 87' lang='lat' dir='ltr'>inde</span> 
     </span>
     <span class='ocr_line' id='line_1_67' title="bbox 1612 1284 2191 1338; baseline 0.003 -15"><span class='ocrx_word' id='word_1_379' title='bbox 1612 1299 1730 1336; x_wconf 88' lang='lat' dir='ltr'>usque</span> <span class='ocrx_word' id='word_1_380' title='bbox 1743 1285 1789 1323; x_wconf 87' lang='lat' dir='ltr'>ab</span> <span class='ocrx_word' id='word_1_381' title='bbox 1803 1284 1971 1337; x_wconf 87' lang='lat' dir='ltr'>ephebis.</span> <span class='ocrx_word' id='word_1_382' title='bbox 1997 1285 2082 1338; x_wconf 85' lang='lat' dir='ltr'>Ego</span> <span class='ocrx_word' id='word_1_383' title='bbox 2093 1285 2191 1326; x_wconf 86' lang='lat' dir='ltr'>hanc</span> 
     </span>
     <span class='ocr_line' id='line_1_68' title="bbox 1613 1338 2189 1390; baseline 0.005 -14"><span class='ocrx_word' id='word_1_384' title='bbox 1613 1351 1759 1377; x_wconf 89' lang='lat' dir='ltr'>comem</span> <span class='ocrx_word' id='word_1_385' title='bbox 1776 1338 1871 1390; x_wconf 86' lang='lat' dir='ltr'>elegi</span> <span class='ocrx_word' id='word_1_386' title='bbox 1885 1340 1999 1380; x_wconf 87' lang='lat' dir='ltr'>vitam</span> <span class='ocrx_word' id='word_1_387' title='bbox 2012 1339 2189 1379; x_wconf 82' lang='lat' dir='ltr'>urbanam</span> 
     </span>
     <span class='ocr_line' id='line_1_69' title="bbox 1613 1391 2193 1443; baseline 0.003 -14"><span class='ocrx_word' id='word_1_388' title='bbox 1613 1403 1655 1429; x_wconf 88' lang='lat' dir='ltr'>et</span> <span class='ocrx_word' id='word_1_389' title='bbox 1705 1391 1957 1442; x_wconf 85' lang='lat' dir='ltr'>tranquillam,</span> <span class='ocrx_word' id='word_1_390' title='bbox 2006 1401 2046 1430; x_wconf 90' lang='lat' dir='ltr'>et</span> <span class='ocrx_word' id='word_1_391' title='bbox 2090 1392 2193 1443; x_wconf 85' lang='lat' dir='ltr'>quod</span> 
     </span>
     <span class='ocr_line' id='line_1_70' title="bbox 1610 1443 2191 1496; baseline 0.005 -15"><span class='ocrx_word' id='word_1_392' title='bbox 1610 1443 1778 1496; x_wconf 92' lang='lat' dir='ltr'>plerique</span> <span class='ocrx_word' id='word_1_393' title='bbox 1808 1445 1959 1482; x_wconf 88' lang='lat' dir='ltr'>beatum</span> <span class='ocrx_word' id='word_1_394' title='bbox 1987 1445 2191 1494; x_wconf 82' lang='lat' dir='ltr'>aestitnant,</span> 
     </span>
     <span class='ocr_line' id='line_1_71' title="bbox 1611 1498 2191 1547; baseline 0.002 -12"><span class='ocrx_word' id='word_1_395' title='bbox 1611 1510 1765 1535; x_wconf 86' lang='lat' dir='ltr'>uxorem</span> <span class='ocrx_word' id='word_1_396' title='bbox 1783 1510 1971 1547; x_wconf 87' lang='lat' dir='ltr'>nunquam</span> <span class='ocrx_word' id='word_1_397' title='bbox 1983 1498 2116 1536; x_wconf 83' lang='lat' dir='ltr'>ducere</span> <span class='ocrx_word' id='word_1_398' title='bbox 2123 1512 2191 1536; x_wconf 90' lang='lat' dir='ltr'>vo-</span> 
     </span>
    </p>
   </div>
   <div class='ocr_carea' id='block_1_9' title="bbox 1573 1549 2190 1602">
    <p class='ocr_par' dir='ltr' id='par_1_42' title="bbox 1573 1549 2190 1602">
     <span class='ocr_line' id='line_1_72' title="bbox 1573 1549 2190 1602; baseline 0.003 -15"><span class='ocrx_word' id='word_1_399' title='bbox 1573 1550 1579 1557; x_wconf 90' lang='lat'>&#39;</span> <span class='ocrx_word' id='word_1_400' title='bbox 1609 1549 1676 1588; x_wconf 89' lang='lat' dir='ltr'>lui.</span> <span class='ocrx_word' id='word_1_401' title='bbox 1706 1549 1777 1588; x_wconf 89' lang='lat' dir='ltr'>Ille</span> <span class='ocrx_word' id='word_1_402' title='bbox 1800 1551 1925 1588; x_wconf 87' lang='lat' dir='ltr'>omnia</span> <span class='ocrx_word' id='word_1_403' title='bbox 1951 1550 2020 1588; x_wconf 82' lang='lat' dir='ltr'>alia</span> <span class='ocrx_word' id='word_1_404' title='bbox 2045 1552 2190 1602; x_wconf 78' lang='lat' dir='ltr'>potiora</span> 
     </span>
    </p>
   </div>
   <div class='ocr_carea' id='block_1_10' title="bbox 1609 1603 2191 1708">
    <p class='ocr_par' dir='ltr' id='par_1_43' title="bbox 1609 1603 2191 1708">
     <span class='ocr_line' id='line_1_73' title="bbox 1609 1603 2190 1655; baseline 0.007 -15"><span class='ocrx_word' id='word_1_405' title='bbox 1609 1603 1730 1641; x_wconf 85' lang='lat' dir='ltr'>duxit.</span> <span class='ocrx_word' id='word_1_406' title='bbox 1766 1603 1871 1655; x_wconf 84' lang='lat' dir='ltr'>Agro</span> <span class='ocrx_word' id='word_1_407' title='bbox 1901 1603 2057 1642; x_wconf 89' lang='lat' dir='ltr'>colendo</span> <span class='ocrx_word' id='word_1_408' title='bbox 2074 1605 2190 1644; x_wconf 82' lang='lat' dir='ltr'>vitam</span> 
     </span>
     <span class='ocr_line' id='line_1_74' title="bbox 1609 1657 2191 1708; baseline 0.005 -15"><span class='ocrx_word' id='word_1_409' title='bbox 1609 1669 1801 1695; x_wconf 84' lang='lat' dir='ltr'>exercere:</span> <span class='ocrx_word' id='word_1_410' title='bbox 1829 1669 1974 1708; x_wconf 89' lang='lat' dir='ltr'>semper</span> <span class='ocrx_word' id='word_1_411' title='bbox 1990 1657 2133 1695; x_wconf 75' lang='lat' dir='ltr'>austere</span> <span class='ocrx_word' id='word_1_412' title='bbox 2150 1665 2191 1696; x_wconf 89' lang='lat' dir='ltr'>et</span> 
     </span>
    </p>
   </div>
   <div class='ocr_carea' id='block_1_11' title="bbox 1531 1702 2191 1750">
    <p class='ocr_par' dir='ltr' id='par_1_44' title="bbox 1531 1702 2191 1750">
     <span class='ocr_line' id='line_1_75' title="bbox 1531 1702 2191 1750; baseline 0.005 -4"><span class='ocrx_word' id='word_1_413' title='bbox 1531 1727 1533 1729; x_wconf 96' lang='lat'>·</span> <span class='ocrx_word' id='word_1_414' title='bbox 1607 1702 1785 1748; x_wconf 73' lang='lat' dir='ltr'>laboriose</span> <span class='ocrx_word' id='word_1_415' title='bbox 1814 1722 1855 1746; x_wconf 88' lang='lat' dir='ltr'>se</span> <span class='ocrx_word' id='word_1_416' title='bbox 1880 1718 2055 1748; x_wconf 81' lang='lat' dir='ltr'>tractare:</span> <span class='ocrx_word' id='word_1_417' title='bbox 2097 1723 2191 1750; x_wconf 84' lang='lat' dir='ltr'>uxo·</span> 
     </span>
    </p>
   </div>
   <div class='ocr_carea' id='block_1_12' title="bbox 1596 1762 2189 3241">
    <p class='ocr_par' dir='ltr' id='par_1_45' title="bbox 1596 1762 2189 3241">
     <span class='ocr_line' id='line_1_76' title="bbox 1609 1762 2184 1813; baseline 0.003 -13"><span class='ocrx_word' id='word_1_418' title='bbox 1609 1774 1689 1800; x_wconf 82' lang='lat' dir='ltr'>rem</span> <span class='ocrx_word' id='word_1_419' title='bbox 1705 1762 1940 1800; x_wconf 85' lang='lat' dir='ltr'>matrimonio</span> <span class='ocrx_word' id='word_1_420' title='bbox 1953 1762 2023 1800; x_wconf 86' lang='lat' dir='ltr'>sibi</span> <span class='ocrx_word' id='word_1_421' title='bbox 2033 1763 2184 1813; x_wconf 72' lang='lat' dir='ltr'>junxitz</span> 
     </span>
     <span class='ocr_line' id='line_1_77' title="bbox 1607 1814 2189 1867; baseline 0.007 -15"><span class='ocrx_word' id='word_1_422' title='bbox 1607 1814 1704 1852; x_wconf 83' lang='lat' dir='ltr'>filios</span> <span class='ocrx_word' id='word_1_423' title='bbox 1735 1816 1826 1854; x_wconf 85' lang='lat' dir='ltr'>duos</span> <span class='ocrx_word' id='word_1_424' title='bbox 1856 1815 2008 1867; x_wconf 86' lang='lat' dir='ltr'>genuit;</span> <span class='ocrx_word' id='word_1_425' title='bbox 2052 1815 2189 1856; x_wconf 79' lang='lat' dir='ltr'>deinde</span> 
     </span>
     <span class='ocr_line' id='line_1_78' title="bbox 1607 1865 2186 1920; baseline 0 -12"><span class='ocrx_word' id='word_1_426' title='bbox 1607 1865 1709 1908; x_wconf 87' lang='lat' dir='ltr'>hune</span> <span class='ocrx_word' id='word_1_427' title='bbox 1735 1881 1806 1920; x_wconf 86' lang='lat' dir='ltr'>ego</span> <span class='ocrx_word' id='word_1_428' title='bbox 1822 1869 1997 1918; x_wconf 86' lang='lat' dir='ltr'>majorem</span> <span class='ocrx_word' id='word_1_429' title='bbox 2028 1877 2120 1907; x_wconf 82' lang='lat' dir='ltr'>natu</span> <span class='ocrx_word' id='word_1_430' title='bbox 2146 1869 2186 1911; x_wconf 82' lang='lat' dir='ltr'>in</span> 
     </span>
     <span class='ocr_line' id='line_1_79' title="bbox 1606 1920 2188 1973; baseline 0.003 -14"><span class='ocrx_word' id='word_1_431' title='bbox 1606 1920 1841 1973; x_wconf 84' lang='lat' dir='ltr'>adoptionem</span> <span class='ocrx_word' id='word_1_432' title='bbox 1859 1922 2004 1973; x_wconf 88' lang='lat' dir='ltr'>accepi:</span> <span class='ocrx_word' id='word_1_433' title='bbox 2032 1920 2054 1960; x_wconf 70' lang='lat' dir='ltr'>a</span> <span class='ocrx_word' id='word_1_434' title='bbox 2070 1935 2188 1973; x_wconf 85' lang='lat' dir='ltr'>puero</span> 
     </span>
     <span class='ocr_line' id='line_1_80' title="bbox 1607 1973 2187 2021; baseline 0.003 -10"><span class='ocrx_word' id='word_1_435' title='bbox 1607 1973 1773 2021; x_wconf 87' lang='lat' dir='ltr'>educavi,</span> <span class='ocrx_word' id='word_1_436' title='bbox 1813 1973 1938 2020; x_wconf 89' lang='lat' dir='ltr'>habui,</span> <span class='ocrx_word' id='word_1_437' title='bbox 1985 1982 2025 2012; x_wconf 89' lang='lat' dir='ltr'>et</span> <span class='ocrx_word' id='word_1_438' title='bbox 2074 1974 2187 2016; x_wconf 83' lang='lat' dir='ltr'>dilexi</span> 
     </span>
     <span class='ocr_line' id='line_1_81' title="bbox 1606 2027 2186 2078; baseline 0.003 -13"><span class='ocrx_word' id='word_1_439' title='bbox 1606 2035 1784 2078; x_wconf 84' lang='lat' dir='ltr'>tanquam</span> <span class='ocrx_word' id='word_1_440' title='bbox 1811 2027 1929 2066; x_wconf 86' lang='lat' dir='ltr'>filium</span> <span class='ocrx_word' id='word_1_441' title='bbox 1959 2027 2186 2067; x_wconf 82' lang='lat' dir='ltr'>naturalem:</span> 
     </span>
     <span class='ocr_line' id='line_1_82' title="bbox 1607 2079 2183 2132; baseline 0.005 -15"><span class='ocrx_word' id='word_1_442' title='bbox 1607 2080 1649 2118; x_wconf 89' lang='lat' dir='ltr'>in</span> <span class='ocrx_word' id='word_1_443' title='bbox 1664 2093 1710 2118; x_wconf 92' lang='lat' dir='ltr'>eo</span> <span class='ocrx_word' id='word_1_444' title='bbox 1728 2079 1876 2119; x_wconf 81' lang='lat' dir='ltr'>delicias</span> <span class='ocrx_word' id='word_1_445' title='bbox 1898 2093 2027 2118; x_wconf 84' lang='lat' dir='ltr'>omnes</span> <span class='ocrx_word' id='word_1_446' title='bbox 2054 2081 2183 2132; x_wconf 73' lang='lat' dir='ltr'>capim</span> 
     </span>
     <span class='ocr_line' id='line_1_83' title="bbox 1606 2131 2185 2185; baseline 0.003 -14"><span class='ocrx_word' id='word_1_447' title='bbox 1606 2131 1681 2172; x_wconf 88' lang='lat' dir='ltr'>hoc</span> <span class='ocrx_word' id='word_1_448' title='bbox 1695 2133 1815 2172; x_wconf 88' lang='lat' dir='ltr'>solum</span> <span class='ocrx_word' id='word_1_449' title='bbox 1832 2134 2036 2185; x_wconf 87' lang='lat' dir='ltr'>pretiosum</span> <span class='ocrx_word' id='word_1_450' title='bbox 2049 2131 2185 2173; x_wconf 77' lang='lat' dir='ltr'>habeo.</span> 
     </span>
     <span class='ocr_line' id='line_1_84' title="bbox 1605 2184 2185 2238; baseline 0.005 -15"><span class='ocrx_word' id='word_1_451' title='bbox 1605 2184 1690 2238; x_wconf 88' lang='lat' dir='ltr'>Ego</span> <span class='ocrx_word' id='word_1_452' title='bbox 1725 2185 1829 2225; x_wconf 89' lang='lat' dir='ltr'>omni</span> <span class='ocrx_word' id='word_1_453' title='bbox 1846 2186 1933 2225; x_wconf 67' lang='lat' dir='ltr'>cura</span> <span class='ocrx_word' id='word_1_454' title='bbox 1967 2186 2107 2234; x_wconf 88' lang='lat' dir='ltr'>laboro,</span> <span class='ocrx_word' id='word_1_455' title='bbox 2138 2195 2185 2226; x_wconf 84' lang='lat' dir='ltr'>ut</span> 
     </span>
     <span class='ocr_line' id='line_1_85' title="bbox 1631 2237 2183 2281; baseline 0.009 -5"><span class='ocrx_word' id='word_1_456' title='bbox 1631 2241 1740 2278; x_wconf 85' lang='lat' dir='ltr'>ariter</span> <span class='ocrx_word' id='word_1_457' title='bbox 1762 2252 1824 2278; x_wconf 86' lang='lat' dir='ltr'>me</span> <span class='ocrx_word' id='word_1_458' title='bbox 1847 2237 1998 2278; x_wconf 89' lang='lat' dir='ltr'>charum</span> <span class='ocrx_word' id='word_1_459' title='bbox 2022 2239 2183 2281; x_wconf 80' lang='lat' dir='ltr'>vicissim</span> 
     </span>
     <span class='ocr_line' id='line_1_86' title="bbox 1604 2253 2187 2344; baseline 0 -14"><span class='ocrx_word' id='word_1_460' title='bbox 1604 2253 1742 2331; x_wconf 70' lang='lat' dir='ltr'>liabeat</span> <span class='ocrx_word' id='word_1_461' title='bbox 1782 2292 1864 2330; x_wconf 83' lang='lat' dir='ltr'>ille:</span> <span class='ocrx_word' id='word_1_462' title='bbox 1910 2291 1959 2330; x_wconf 90' lang='lat' dir='ltr'>do</span> <span class='ocrx_word' id='word_1_463' title='bbox 2001 2289 2187 2344; x_wconf 82' lang='lat' dir='ltr'>sumptus,</span> 
     </span>
     <span class='ocr_line' id='line_1_87' title="bbox 1630 2345 2186 2392; baseline 0 -8"><span class='ocrx_word' id='word_1_464' title='bbox 1630 2345 1862 2392; x_wconf 84' lang='lat' dir='ltr'>raetermitto,</span> <span class='ocrx_word' id='word_1_465' title='bbox 1872 2354 1910 2384; x_wconf 86' lang='lat' dir='ltr'>et</span> <span class='ocrx_word' id='word_1_466' title='bbox 1923 2345 2113 2384; x_wconf 82' lang='lat' dir='ltr'>dissimulo</span> <span class='ocrx_word' id='word_1_467' title='bbox 2119 2346 2186 2384; x_wconf 81' lang='lat' dir='ltr'>de·</span> 
     </span>
     <span class='ocr_line' id='line_1_88' title="bbox 1619 2399 2184 2450; baseline 0 -13"><span class='ocrx_word' id='word_1_468' title='bbox 1619 2400 1692 2437; x_wconf 85' lang='lat' dir='ltr'>icta</span> <span class='ocrx_word' id='word_1_469' title='bbox 1706 2399 1806 2449; x_wconf 83' lang='lat' dir='ltr'>ejus;</span> <span class='ocrx_word' id='word_1_470' title='bbox 1835 2411 1905 2436; x_wconf 88' lang='lat' dir='ltr'>nec</span> <span class='ocrx_word' id='word_1_471' title='bbox 1922 2407 2092 2450; x_wconf 87' lang='lat' dir='ltr'>oportere</span> <span class='ocrx_word' id='word_1_472' title='bbox 2121 2411 2184 2437; x_wconf 79' lang='lat' dir='ltr'>me</span> 
     </span>
     <span class='ocr_line' id='line_1_89' title="bbox 1603 2451 2183 2503; baseline -0.003 -13"><span class='ocrx_word' id='word_1_473' title='bbox 1603 2461 1697 2503; x_wconf 89' lang='lat' dir='ltr'>puto</span> <span class='ocrx_word' id='word_1_474' title='bbox 1714 2454 1755 2490; x_wconf 90' lang='lat' dir='ltr'>in</span> <span class='ocrx_word' id='word_1_475' title='bbox 1785 2451 1958 2489; x_wconf 88' lang='lat' dir='ltr'>omnibus</span> <span class='ocrx_word' id='word_1_476' title='bbox 1979 2451 2088 2489; x_wconf 84' lang='lat' dir='ltr'>rebus</span> <span class='ocrx_word' id='word_1_477' title='bbox 2116 2464 2183 2503; x_wconf 83' lang='lat' dir='ltr'>pa-</span> 
     </span>
     <span class='ocr_line' id='line_1_90' title="bbox 1604 2503 2180 2556; baseline 0.003 -15"><span class='ocrx_word' id='word_1_478' title='bbox 1604 2505 1675 2543; x_wconf 61' lang='lat' dir='ltr'>tria⁴</span> <span class='ocrx_word' id='word_1_479' title='bbox 1685 2512 1868 2556; x_wconf 86' lang='lat' dir='ltr'>potestate</span> <span class='ocrx_word' id='word_1_480' title='bbox 1879 2503 1936 2542; x_wconf 88' lang='lat' dir='ltr'>uti</span> <span class='ocrx_word' id='word_1_481' title='bbox 1954 2517 2040 2556; x_wconf 85' lang='lat' dir='ltr'>erga</span> <span class='ocrx_word' id='word_1_482' title='bbox 2052 2503 2156 2542; x_wconf 89' lang='lat' dir='ltr'>illum</span> <span class='ocrx_word' id='word_1_483' title='bbox 2167 2519 2180 2543; x_wconf 74' lang='lat' dir='ltr'><em>z</em></span> 
     </span>
     <span class='ocr_line' id='line_1_91' title="bbox 1603 2557 2182 2609; baseline -0.002 -13"><span class='ocrx_word' id='word_1_484' title='bbox 1603 2559 1792 2609; x_wconf 74' lang='lat' dir='ltr'>postremo</span> <span class='ocrx_word' id='word_1_485' title='bbox 1826 2558 1880 2595; x_wconf 86' lang='lat' dir='ltr'>ita</span> <span class='ocrx_word' id='word_1_486' title='bbox 1913 2569 1999 2595; x_wconf 90' lang='lat' dir='ltr'>eum</span> <span class='ocrx_word' id='word_1_487' title='bbox 2018 2557 2182 2604; x_wconf 83' lang='lat' dir='ltr'>institui,</span> 
     </span>
     <span class='ocr_line' id='line_1_92' title="bbox 1604 2609 2183 2661; baseline 0.002 -13"><span class='ocrx_word' id='word_1_488' title='bbox 1604 2624 1654 2648; x_wconf 89' lang='lat' dir='ltr'>ne</span> <span class='ocrx_word' id='word_1_489' title='bbox 1687 2609 1782 2648; x_wconf 85' lang='lat' dir='ltr'>mihi</span> <span class='ocrx_word' id='word_1_490' title='bbox 1813 2609 1977 2649; x_wconf 87' lang='lat' dir='ltr'>occultet</span> <span class='ocrx_word' id='word_1_491' title='bbox 2010 2623 2068 2657; x_wconf 89' lang='lat' dir='ltr'>ea,</span> <span class='ocrx_word' id='word_1_492' title='bbox 2095 2623 2183 2661; x_wconf 75' lang='lat' dir='ltr'>quae</span> 
     </span>
     <span class='ocr_line' id='line_1_93' title="bbox 1605 2662 2183 2715; baseline 0.003 -14"><span class='ocrx_word' id='word_1_493' title='bbox 1605 2663 1668 2701; x_wconf 84' lang='lat' dir='ltr'>alii</span> <span class='ocrx_word' id='word_1_494' title='bbox 1700 2663 1770 2702; x_wconf 85' lang='lat' dir='ltr'>filii</span> <span class='ocrx_word' id='word_1_495' title='bbox 1797 2662 1891 2701; x_wconf 89' lang='lat' dir='ltr'>clam</span> <span class='ocrx_word' id='word_1_496' title='bbox 1908 2662 2075 2715; x_wconf 81' lang='lat' dir='ltr'>patribus</span> <span class='ocrx_word' id='word_1_497' title='bbox 2105 2664 2183 2703; x_wconf 65' lang='lat' dir='ltr'>suis</span> 
     </span>
     <span class='ocr_line' id='line_1_94' title="bbox 1605 2715 2183 2768; baseline 0 -14"><span class='ocrx_word' id='word_1_498' title='bbox 1605 2715 1763 2763; x_wconf 82' lang='lat' dir='ltr'>faciunt,</span> <span class='ocrx_word' id='word_1_499' title='bbox 1781 2729 1915 2768; x_wconf 89' lang='lat' dir='ltr'>nempe</span> <span class='ocrx_word' id='word_1_500' title='bbox 1932 2715 2074 2767; x_wconf 77' lang='lat' dir='ltr'>culpas,</span> <span class='ocrx_word' id='word_1_501' title='bbox 2097 2717 2183 2767; x_wconf 82' lang='lat' dir='ltr'>qui·</span> 
     </span>
     <span class='ocr_line' id='line_1_95' title="bbox 1604 2769 2182 2808; baseline -0.002 0"><span class='ocrx_word' id='word_1_502' title='bbox 1604 2769 1676 2808; x_wconf 87' lang='lat' dir='ltr'>bus</span> <span class='ocrx_word' id='word_1_503' title='bbox 1703 2769 1864 2808; x_wconf 77' lang='lat' dir='ltr'>obnoxia</span> <span class='ocrx_word' id='word_1_504' title='bbox 1891 2779 1949 2807; x_wconf 87' lang='lat' dir='ltr'>est</span> <span class='ocrx_word' id='word_1_505' title='bbox 1977 2777 2066 2807; x_wconf 82' lang='lat' dir='ltr'>aetas</span> <span class='ocrx_word' id='word_1_506' title='bbox 2091 2769 2182 2807; x_wconf 79' lang='lat' dir='ltr'>ado-</span> 
     </span>
     <span class='ocr_line' id='line_1_96' title="bbox 1602 2821 2181 2872; baseline -0.003 -11"><span class='ocrx_word' id='word_1_507' title='bbox 1602 2822 1808 2862; x_wconf 83' lang='lat' dir='ltr'>lescentiae:</span> <span class='ocrx_word' id='word_1_508' title='bbox 1838 2834 1924 2860; x_wconf 85' lang='lat' dir='ltr'>nam</span> <span class='ocrx_word' id='word_1_509' title='bbox 1946 2822 2011 2872; x_wconf 85' lang='lat' dir='ltr'>qui</span> <span class='ocrx_word' id='word_1_510' title='bbox 2028 2821 2181 2860; x_wconf 78' lang='lat' dir='ltr'>menda-</span> 
     </span>
     <span class='ocr_line' id='line_1_97' title="bbox 1602 2875 2179 2927; baseline -0.002 -14"><span class='ocrx_word' id='word_1_511' title='bbox 1602 2877 1702 2914; x_wconf 87' lang='lat' dir='ltr'>cium</span> <span class='ocrx_word' id='word_1_512' title='bbox 1720 2875 1890 2927; x_wconf 89' lang='lat' dir='ltr'>proloqui</span> <span class='ocrx_word' id='word_1_513' title='bbox 1917 2887 2040 2912; x_wconf 79' lang='lat' dir='ltr'>coram</span> <span class='ocrx_word' id='word_1_514' title='bbox 2058 2883 2179 2926; x_wconf 80' lang='lat' dir='ltr'>patre,</span> 
     </span>
     <span class='ocr_line' id='line_1_98' title="bbox 1598 2926 2180 2968; baseline 0 -2"><span class='ocrx_word' id='word_1_515' title='bbox 1598 2939 1663 2967; x_wconf 83' lang='lat' dir='ltr'>aut</span> <span class='ocrx_word' id='word_1_516' title='bbox 1681 2942 1767 2968; x_wconf 84' lang='lat' dir='ltr'>eum</span> <span class='ocrx_word' id='word_1_517' title='bbox 1780 2928 1909 2967; x_wconf 86' lang='lat' dir='ltr'>solitus</span> <span class='ocrx_word' id='word_1_518' title='bbox 1922 2926 2035 2965; x_wconf 87' lang='lat' dir='ltr'>fuerit</span> <span class='ocrx_word' id='word_1_519' title='bbox 2058 2927 2180 2966; x_wconf 70' lang='lat' dir='ltr'>verbio</span> 
     </span>
     <span class='ocr_line' id='line_1_99' title="bbox 1598 2978 2179 3033; baseline -0.005 -13"><span class='ocrx_word' id='word_1_520' title='bbox 1598 2982 1776 3033; x_wconf 87' lang='lat' dir='ltr'>decipere,</span> <span class='ocrx_word' id='word_1_521' title='bbox 1787 2981 1909 3019; x_wconf 77' lang='lat' dir='ltr'>multo</span> <span class='ocrx_word' id='word_1_522' title='bbox 1916 2979 2086 3018; x_wconf 68' lang='lat' dir='ltr'>audacias</span> <span class='ocrx_word' id='word_1_523' title='bbox 2094 2978 2179 3018; x_wconf 83' lang='lat' dir='ltr'>hoee</span> 
     </span>
     <span class='ocr_line' id='line_1_100' title="bbox 1598 3031 2178 3087; baseline -0.003 -14"><span class='ocrx_word' id='word_1_524' title='bbox 1598 3034 1708 3073; x_wconf 86' lang='lat' dir='ltr'>faciet</span> <span class='ocrx_word' id='word_1_525' title='bbox 1727 3035 1766 3073; x_wconf 87' lang='lat' dir='ltr'>iu</span> <span class='ocrx_word' id='word_1_526' title='bbox 1782 3042 1947 3087; x_wconf 63' lang='lat' dir='ltr'>caeteros.</span> <span class='ocrx_word' id='word_1_527' title='bbox 1975 3031 2116 3070; x_wconf 85' lang='lat' dir='ltr'>Utilius</span> <span class='ocrx_word' id='word_1_528' title='bbox 2135 3040 2178 3071; x_wconf 75' lang='lat' dir='ltr'>et</span> 
     </span>
     <span class='ocr_line' id='line_1_101' title="bbox 1599 3087 2175 3132; baseline -0.005 -5"><span class='ocrx_word' id='word_1_529' title='bbox 1599 3087 1730 3127; x_wconf 87' lang='lat' dir='ltr'>melius</span> <span class='ocrx_word' id='word_1_530' title='bbox 1744 3100 1823 3125; x_wconf 87' lang='lat' dir='ltr'>esse</span> <span class='ocrx_word' id='word_1_531' title='bbox 1835 3099 1983 3132; x_wconf 87' lang='lat' dir='ltr'>censeo,</span> <span class='ocrx_word' id='word_1_532' title='bbox 1997 3097 2175 3124; x_wconf 84' lang='lat' dir='ltr'>verecun-</span> 
     </span>
     <span class='ocr_line' id='line_1_102' title="bbox 1597 3137 2176 3180; baseline -0.005 0"><span class='ocrx_word' id='word_1_533' title='bbox 1597 3140 1658 3180; x_wconf 72' lang='lat' dir='ltr'>dis</span> <span class='ocrx_word' id='word_1_534' title='bbox 1670 3149 1710 3179; x_wconf 89' lang='lat' dir='ltr'>et</span> <span class='ocrx_word' id='word_1_535' title='bbox 1727 3140 1867 3178; x_wconf 88' lang='lat' dir='ltr'>liberali</span> <span class='ocrx_word' id='word_1_536' title='bbox 1881 3137 2078 3177; x_wconf 73' lang='lat' dir='ltr'>clementia</span> <span class='ocrx_word' id='word_1_537' title='bbox 2087 3150 2176 3177; x_wconf 75' lang='lat' dir='ltr'>eum</span> 
     </span>
     <span class='ocr_line' id='line_1_103' title="bbox 1596 3190 2178 3241; baseline -0.007 -10"><span class='ocrx_word' id='word_1_538' title='bbox 1596 3207 1746 3232; x_wconf 87' lang='lat' dir='ltr'>avocare</span> <span class='ocrx_word' id='word_1_539' title='bbox 1778 3193 1800 3230; x_wconf 74' lang='lat' dir='ltr'>a</span> <span class='ocrx_word' id='word_1_540' title='bbox 1832 3192 1944 3238; x_wconf 72' lang='lat' dir='ltr'>vitiis,</span> <span class='ocrx_word' id='word_1_541' title='bbox 1978 3190 2090 3241; x_wconf 58' lang='lat' dir='ltr'>quim</span> <span class='ocrx_word' id='word_1_542' title='bbox 2127 3191 2178 3228; x_wconf 86' lang='lat' dir='ltr'>ti-</span> 
     </span>
    </p>
   </div>
   <div class='ocr_carea' id='block_1_13' title="bbox 121 3242 2177 3658">
    <p class='ocr_par' dir='ltr' id='par_1_46' title="bbox 121 3242 2177 3658">
     <span class='ocr_line' id='line_1_104' title="bbox 124 3242 2177 3301; baseline 0.001 -21"><span class='ocrx_word' id='word_1_543' title='bbox 124 3255 238 3282; x_wconf 84' lang='lat' dir='ltr'>more.</span> <span class='ocrx_word' id='word_1_544' title='bbox 290 3242 386 3284; x_wconf 78' lang='lat' dir='ltr'>Haec</span> <span class='ocrx_word' id='word_1_545' title='bbox 399 3249 542 3288; x_wconf 79' lang='lat' dir='ltr'>nonita</span> <span class='ocrx_word' id='word_1_546' title='bbox 559 3249 677 3297; x_wconf 84' lang='lat' dir='ltr'>fratri,</span> <span class='ocrx_word' id='word_1_547' title='bbox 693 3259 736 3289; x_wconf 89' lang='lat' dir='ltr'>ut</span> <span class='ocrx_word' id='word_1_548' title='bbox 752 3249 862 3297; x_wconf 88' lang='lat' dir='ltr'>mihi,</span> <span class='ocrx_word' id='word_1_549' title='bbox 885 3249 1055 3289; x_wconf 87' lang='lat' dir='ltr'>videntur</span> <span class='ocrx_word' id='word_1_550' title='bbox 1071 3249 1304 3297; x_wconf 76' lang='lat' dir='ltr'>observanda,</span> <span class='ocrx_word' id='word_1_551' title='bbox 1319 3262 1439 3301; x_wconf 87' lang='lat' dir='ltr'>neque</span> <span class='ocrx_word' id='word_1_552' title='bbox 1458 3247 1670 3300; x_wconf 86' lang='lat' dir='ltr'>probantur.</span> <span class='ocrx_word' id='word_1_553' title='bbox 1722 3244 1791 3284; x_wconf 84' lang='lat' dir='ltr'>Ille</span> <span class='ocrx_word' id='word_1_554' title='bbox 1807 3257 1905 3295; x_wconf 83' lang='lat' dir='ltr'>saepe</span> <span class='ocrx_word' id='word_1_555' title='bbox 1921 3256 1982 3281; x_wconf 90' lang='lat' dir='ltr'>me</span> <span class='ocrx_word' id='word_1_556' title='bbox 2000 3244 2177 3282; x_wconf 77' lang='lat' dir='ltr'>convenit</span> 
     </span>
     <span class='ocr_line' id='line_1_105' title="bbox 122 3293 2174 3351; baseline -0 -18"><span class='ocrx_word' id='word_1_557' title='bbox 122 3295 339 3344; x_wconf 75' lang='lat' dir='ltr'>vociferans,</span> <span class='ocrx_word' id='word_1_558' title='bbox 357 3297 462 3342; x_wconf 86' lang='lat' dir='ltr'>Quid</span> <span class='ocrx_word' id='word_1_559' title='bbox 477 3299 579 3349; x_wconf 75' lang='lat' dir='ltr'>facis,</span> <span class='ocrx_word' id='word_1_560' title='bbox 598 3301 713 3341; x_wconf 86' lang='lat' dir='ltr'>Mitio</span> <span class='ocrx_word' id='word_1_561' title='bbox 728 3304 743 3341; x_wconf 87' lang='lat'>?</span> <span class='ocrx_word' id='word_1_562' title='bbox 773 3316 839 3342; x_wconf 86' lang='lat' dir='ltr'>cur</span> <span class='ocrx_word' id='word_1_563' title='bbox 861 3303 966 3342; x_wconf 81' lang='lat' dir='ltr'>nobis</span> <span class='ocrx_word' id='word_1_564' title='bbox 985 3314 1128 3342; x_wconf 89' lang='lat' dir='ltr'>corrum</span> <span class='ocrx_word' id='word_1_565' title='bbox 1155 3303 1186 3340; x_wconf 89' lang='lat' dir='ltr'>is</span> <span class='ocrx_word' id='word_1_566' title='bbox 1213 3303 1328 3341; x_wconf 85' lang='lat' dir='ltr'>filium</span> <span class='ocrx_word' id='word_1_567' title='bbox 1343 3303 1359 3341; x_wconf 69' lang='grc' dir='ltr'><strong><em>ἓ</em></strong></span> <span class='ocrx_word' id='word_1_568' title='bbox 1389 3314 1454 3340; x_wconf 86' lang='lat' dir='ltr'>cur</span> <span class='ocrx_word' id='word_1_569' title='bbox 1470 3310 1640 3351; x_wconf 84' lang='lat' dir='ltr'>sumptus</span> <span class='ocrx_word' id='word_1_570' title='bbox 1655 3299 1717 3336; x_wconf 80' lang='lat' dir='ltr'>das</span> <span class='ocrx_word' id='word_1_571' title='bbox 1734 3299 1783 3343; x_wconf 88' lang='lat' dir='ltr'>ci,</span> <span class='ocrx_word' id='word_1_572' title='bbox 1798 3307 1840 3334; x_wconf 89' lang='lat' dir='ltr'>ut</span> <span class='ocrx_word' id='word_1_573' title='bbox 1857 3297 1993 3334; x_wconf 81' lang='lat' dir='ltr'>amicas</span> <span class='ocrx_word' id='word_1_574' title='bbox 2011 3293 2174 3334; x_wconf 81' lang='lat' dir='ltr'>habeat?</span> 
     </span>
     <span class='ocr_line' id='line_1_106' title="bbox 122 3348 2176 3408; baseline 0 -22"><span class='ocrx_word' id='word_1_575' title='bbox 122 3349 219 3386; x_wconf 89' lang='lat' dir='ltr'>utin</span> <span class='ocrx_word' id='word_1_576' title='bbox 239 3352 490 3401; x_wconf 84' lang='lat' dir='ltr'>potationibus</span> <span class='ocrx_word' id='word_1_577' title='bbox 506 3367 546 3391; x_wconf 90' lang='lat' dir='ltr'>se</span> <span class='ocrx_word' id='word_1_578' title='bbox 559 3357 724 3408; x_wconf 79' lang='lat' dir='ltr'>mergat?</span> <span class='ocrx_word' id='word_1_579' title='bbox 753 3370 819 3394; x_wconf 87' lang='lat' dir='ltr'>cur</span> <span class='ocrx_word' id='word_1_580' title='bbox 840 3357 1055 3395; x_wconf 88' lang='lat' dir='ltr'>vestimenta</span> <span class='ocrx_word' id='word_1_581' title='bbox 1081 3370 1124 3407; x_wconf 88' lang='lat' dir='ltr'>sp</span> <span class='ocrx_word' id='word_1_582' title='bbox 1141 3356 1341 3402; x_wconf 86' lang='lat' dir='ltr'>endidiora,</span> <span class='ocrx_word' id='word_1_583' title='bbox 1356 3364 1395 3392; x_wconf 92' lang='lat' dir='ltr'>ct</span> <span class='ocrx_word' id='word_1_584' title='bbox 1411 3355 1528 3392; x_wconf 74' lang='lat' dir='ltr'>nimio</span> <span class='ocrx_word' id='word_1_585' title='bbox 1547 3352 1760 3404; x_wconf 84' lang='lat' dir='ltr'>pretiosiora</span> <span class='ocrx_word' id='word_1_586' title='bbox 1778 3349 1947 3401; x_wconf 82' lang='lat' dir='ltr'>largiris?</span> <span class='ocrx_word' id='word_1_587' title='bbox 1977 3348 2086 3386; x_wconf 84' lang='lat' dir='ltr'>nimis</span> <span class='ocrx_word' id='word_1_588' title='bbox 2105 3349 2176 3387; x_wconf 82' lang='lat' dir='ltr'>irn-</span> 
     </span>
     <span class='ocr_line' id='line_1_107' title="bbox 122 3401 2176 3461; baseline 0 -22"><span class='ocrx_word' id='word_1_589' title='bbox 122 3401 318 3452; x_wconf 86' lang='lat' dir='ltr'>prudenter</span> <span class='ocrx_word' id='word_1_590' title='bbox 335 3417 421 3442; x_wconf 79' lang='lat' dir='ltr'>eum</span> <span class='ocrx_word' id='word_1_591' title='bbox 439 3405 647 3446; x_wconf 75' lang='lat' dir='ltr'>moderaris.</span> <span class='ocrx_word' id='word_1_592' title='bbox 700 3406 770 3447; x_wconf 89' lang='lat' dir='ltr'>Ille</span> <span class='ocrx_word' id='word_1_593' title='bbox 788 3411 871 3447; x_wconf 71' lang='lat' dir='ltr'>vero</span> <span class='ocrx_word' id='word_1_594' title='bbox 893 3408 1067 3460; x_wconf 83' lang='lat' dir='ltr'>(Demea)</span> <span class='ocrx_word' id='word_1_595' title='bbox 1088 3410 1250 3461; x_wconf 86' lang='lat' dir='ltr'>asperior</span> <span class='ocrx_word' id='word_1_596' title='bbox 1269 3417 1340 3454; x_wconf 84' lang='lat' dir='ltr'>est,</span> <span class='ocrx_word' id='word_1_597' title='bbox 1358 3417 1396 3446; x_wconf 89' lang='lat' dir='ltr'>et</span> <span class='ocrx_word' id='word_1_598' title='bbox 1427 3407 1556 3444; x_wconf 79' lang='lat' dir='ltr'>saevior</span> <span class='ocrx_word' id='word_1_599' title='bbox 1574 3405 1657 3456; x_wconf 74' lang='lat' dir='ltr'>plus</span> <span class='ocrx_word' id='word_1_600' title='bbox 1672 3416 1780 3453; x_wconf 81' lang='lat' dir='ltr'>aequo</span> <span class='ocrx_word' id='word_1_601' title='bbox 1798 3410 1837 3440; x_wconf 86' lang='lat' dir='ltr'>et</span> <span class='ocrx_word' id='word_1_602' title='bbox 1855 3402 1976 3440; x_wconf 88' lang='lat' dir='ltr'>bono:</span> <span class='ocrx_word' id='word_1_603' title='bbox 2006 3410 2046 3438; x_wconf 88' lang='lat' dir='ltr'>et</span> <span class='ocrx_word' id='word_1_604' title='bbox 2071 3401 2176 3440; x_wconf 63' lang='lat' dir='ltr'>valde</span> 
     </span>
     <span class='ocr_line' id='line_1_108' title="bbox 122 3453 2177 3514; baseline 0 -22"><span class='ocrx_word' id='word_1_605' title='bbox 122 3453 259 3492; x_wconf 80' lang='lat' dir='ltr'>fallitur</span> <span class='ocrx_word' id='word_1_606' title='bbox 277 3457 328 3493; x_wconf 85' lang='lat' dir='ltr'>ita</span> <span class='ocrx_word' id='word_1_607' title='bbox 345 3458 552 3510; x_wconf 82' lang='lat' dir='ltr'>sentiendo,</span> <span class='ocrx_word' id='word_1_608' title='bbox 570 3469 612 3497; x_wconf 92' lang='lat' dir='ltr'>ut</span> <span class='ocrx_word' id='word_1_609' title='bbox 631 3473 704 3512; x_wconf 83' lang='lat' dir='ltr'>ego</span> <span class='ocrx_word' id='word_1_610' title='bbox 719 3461 868 3512; x_wconf 83' lang='lat' dir='ltr'>quidem</span> <span class='ocrx_word' id='word_1_611' title='bbox 885 3462 1032 3514; x_wconf 82' lang='lat' dir='ltr'>opinor,</span> <span class='ocrx_word' id='word_1_612' title='bbox 1046 3463 1271 3512; x_wconf 87' lang='lat' dir='ltr'>quicumque</span> <span class='ocrx_word' id='word_1_613' title='bbox 1296 3460 1365 3498; x_wconf 86' lang='lat' dir='ltr'>sibi</span> <span class='ocrx_word' id='word_1_614' title='bbox 1384 3458 1580 3510; x_wconf 87' lang='lat' dir='ltr'>persuadet</span> <span class='ocrx_word' id='word_1_615' title='bbox 1595 3458 1805 3508; x_wconf 83' lang='lat' dir='ltr'>imperium,</span> <span class='ocrx_word' id='word_1_616' title='bbox 1820 3455 1920 3505; x_wconf 89' lang='lat' dir='ltr'>quod</span> <span class='ocrx_word' id='word_1_617' title='bbox 1933 3467 2019 3493; x_wconf 87' lang='lat' dir='ltr'>cum</span> <span class='ocrx_word' id='word_1_618' title='bbox 2035 3455 2177 3492; x_wconf 85' lang='lat' dir='ltr'>violen-</span> 
     </span>
     <span class='ocr_line' id='line_1_109' title="bbox 121 3505 2176 3565; baseline -0 -20"><span class='ocrx_word' id='word_1_619' title='bbox 121 3507 174 3545; x_wconf 59' lang='lat' dir='ltr'>tia</span> <span class='ocrx_word' id='word_1_620' title='bbox 195 3508 373 3559; x_wconf 75' lang='lat' dir='ltr'>quaeritur</span> <span class='ocrx_word' id='word_1_621' title='bbox 390 3519 427 3548; x_wconf 88' lang='lat' dir='ltr'>et</span> <span class='ocrx_word' id='word_1_622' title='bbox 445 3521 651 3560; x_wconf 87' lang='lat' dir='ltr'>exercetur,</span> <span class='ocrx_word' id='word_1_623' title='bbox 669 3526 749 3552; x_wconf 81' lang='lat' dir='ltr'>esse</span> <span class='ocrx_word' id='word_1_624' title='bbox 774 3512 905 3552; x_wconf 85' lang='lat' dir='ltr'>fortius</span> <span class='ocrx_word' id='word_1_625' title='bbox 921 3523 959 3552; x_wconf 88' lang='lat' dir='ltr'>et</span> <span class='ocrx_word' id='word_1_626' title='bbox 981 3515 1208 3560; x_wconf 87' lang='lat' dir='ltr'>diuturnius,</span> <span class='ocrx_word' id='word_1_627' title='bbox 1230 3514 1341 3565; x_wconf 77' lang='lat' dir='ltr'>quam</span> <span class='ocrx_word' id='word_1_628' title='bbox 1362 3512 1454 3550; x_wconf 91' lang='lat' dir='ltr'>illud</span> <span class='ocrx_word' id='word_1_629' title='bbox 1472 3511 1570 3561; x_wconf 90' lang='lat' dir='ltr'>quod</span> <span class='ocrx_word' id='word_1_630' title='bbox 1590 3522 1713 3548; x_wconf 86' lang='lat' dir='ltr'>amore</span> <span class='ocrx_word' id='word_1_631' title='bbox 1738 3508 1966 3546; x_wconf 82' lang='lat' dir='ltr'>conciliatur.</span> <span class='ocrx_word' id='word_1_632' title='bbox 2021 3505 2104 3558; x_wconf 83' lang='lat' dir='ltr'>Ego</span> <span class='ocrx_word' id='word_1_633' title='bbox 2122 3508 2176 3545; x_wconf 86' lang='lat' dir='ltr'>sie</span> 
     </span>
     <span class='ocr_line' id='line_1_110' title="bbox 121 3560 2177 3658; baseline -0 -60"><span class='ocrx_word' id='word_1_634' title='bbox 121 3573 216 3607; x_wconf 80' lang='lat' dir='ltr'>reor,</span> <span class='ocrx_word' id='word_1_635' title='bbox 234 3561 434 3613; x_wconf 85' lang='lat' dir='ltr'>credoque:</span> <span class='ocrx_word' id='word_1_636' title='bbox 463 3564 527 3658; x_wconf 66' lang='lat' dir='ltr'>qui</span> <span class='ocrx_word' id='word_1_637' title='bbox 546 3565 578 3602; x_wconf 90' lang='lat' dir='ltr'>vi</span> <span class='ocrx_word' id='word_1_638' title='bbox 591 3574 656 3604; x_wconf 89' lang='lat' dir='ltr'>aut</span> <span class='ocrx_word' id='word_1_639' title='bbox 669 3566 885 3605; x_wconf 81' lang='lat' dir='ltr'>necessitate</span> <span class='ocrx_word' id='word_1_640' title='bbox 901 3567 1059 3618; x_wconf 75' lang='lat' dir='ltr'>adigitur</span> <span class='ocrx_word' id='word_1_641' title='bbox 1076 3567 1121 3605; x_wconf 81' lang='lat' dir='ltr'>ad</span> <span class='ocrx_word' id='word_1_642' title='bbox 1140 3580 1249 3605; x_wconf 84' lang='lat' dir='ltr'>suum</span> <span class='ocrx_word' id='word_1_643' title='bbox 1267 3565 1477 3604; x_wconf 81' lang='lat' dir='ltr'>faciendum</span> <span class='ocrx_word' id='word_1_644' title='bbox 1491 3562 1653 3602; x_wconf 70' lang='lat' dir='ltr'>officium</span> <span class='ocrx_word' id='word_1_645' title='bbox 1663 3580 1673 3609; x_wconf 68' lang='grc' dir='ltr'>ς</span> <span class='ocrx_word' id='word_1_646' title='bbox 1703 3562 1882 3613; x_wconf 84' lang='lat' dir='ltr'>tantisper</span> <span class='ocrx_word' id='word_1_647' title='bbox 1899 3568 2003 3598; x_wconf 83' lang='lat' dir='ltr'>cavet</span> <span class='ocrx_word' id='word_1_648' title='bbox 2027 3560 2114 3607; x_wconf 85' lang='lat' dir='ltr'>sibi,</span> <span class='ocrx_word' id='word_1_649' title='bbox 2137 3569 2177 3598; x_wconf 87' lang='lat' dir='ltr'>et</span> 
     </span>
    </p>
   </div>
   <div class='ocr_carea' id='block_1_14' title="bbox 121 3612 447 3666">
    <p class='ocr_par' dir='ltr' id='par_1_47' title="bbox 121 3612 447 3666">
     <span class='ocr_line' id='line_1_111' title="bbox 121 3612 447 3666; baseline -0.012 -8"><span class='ocrx_word' id='word_1_650' title='bbox 121 3612 280 3658; x_wconf 67' lang='lat' dir='ltr'>abstinet</span> <span class='ocrx_word' id='word_1_651' title='bbox 298 3615 320 3655; x_wconf 63' lang='grc' dir='ltr'><em>ἃ</em></span> <span class='ocrx_word' id='word_1_652' title='bbox 337 3615 447 3666; x_wconf 73' lang='lat' dir='ltr'>malo,</span> 
     </span>
    </p>
   </div>
   <div class='ocr_carea' id='block_1_15' title="bbox 491 3613 2178 3672">
    <p class='ocr_par' dir='ltr' id='par_1_48' title="bbox 491 3613 2178 3672">
     <span class='ocr_line' id='line_1_112' title="bbox 491 3613 2178 3672; baseline -0.005 -11"><span class='ocrx_word' id='word_1_653' title='bbox 491 3630 552 3661; x_wconf 83' lang='lat' dir='ltr'>um</span> <span class='ocrx_word' id='word_1_654' title='bbox 570 3616 607 3661; x_wconf 84' lang='lat' dir='ltr'>id</span> <span class='ocrx_word' id='word_1_655' title='bbox 620 3619 811 3672; x_wconf 79' lang='lat' dir='ltr'>cognitum</span> <span class='ocrx_word' id='word_1_656' title='bbox 824 3619 867 3662; x_wconf 81' lang='lat' dir='ltr'>iri</span> <span class='ocrx_word' id='word_1_657' title='bbox 888 3628 1014 3671; x_wconf 78' lang='lat' dir='ltr'>putat:</span> <span class='ocrx_word' id='word_1_658' title='bbox 1043 3620 1075 3662; x_wconf 76' lang='lat' dir='ltr'>si</span> <span class='ocrx_word' id='word_1_659' title='bbox 1090 3620 1204 3664; x_wconf 80' lang='lat' dir='ltr'>credit</span> <span class='ocrx_word' id='word_1_660' title='bbox 1222 3618 1411 3662; x_wconf 80' lang='lat' dir='ltr'>occultum</span> <span class='ocrx_word' id='word_1_661' title='bbox 1426 3616 1517 3665; x_wconf 77' lang='lat' dir='ltr'>fote,</span> <span class='ocrx_word' id='word_1_662' title='bbox 1535 3629 1659 3658; x_wconf 77' lang='lat' dir='ltr'>rursus</span> <span class='ocrx_word' id='word_1_663' title='bbox 1677 3614 1723 3657; x_wconf 78' lang='lat' dir='ltr'>ad</span> <span class='ocrx_word' id='word_1_664' title='bbox 1734 3627 1821 3655; x_wconf 81' lang='lat' dir='ltr'>suos</span> <span class='ocrx_word' id='word_1_665' title='bbox 1833 3626 1953 3656; x_wconf 82' lang='lat' dir='ltr'>mores</span> <span class='ocrx_word' id='word_1_666' title='bbox 1970 3613 2178 3653; x_wconf 77' lang='lat' dir='ltr'>revertitur.</span> 
     </span>
    </p>
   </div>
  </div>
 </body>
</html>
