2340 3964
741 152 973 214 ACTUS
1010 159 1074 213 V.
1145 155 1381 253 SCENA
1414 157 1504 211 lv.

101 295 194 366 Ch.
221 302 329 365 Hic
350 312 442 355 est.
483 301 558 357 Si.
578 320 729 354 mene
744 303 966 372 quaeris?
1006 304 1121 370 eho,
1141 313 1198 354 tu
1218 301 1513 374 Glycerium

174 403 177 405 ,
215 375 358 426 ‘hinc
381 374 544 426 civem
569 391 673 425 esse
697 375 767 425 ais
785 377 811 427 ?·
1482 377 1512 423 5

100 443 186 500 Cr.
221 446 306 498 Tu
329 448 515 514 negas?
562 445 635 497 Si.
659 446 792 503 itane
816 446 920 499 huc
943 458 1140 516 paratus
1165 445 1394 497 advenis?
1429 443 1515 510 Cr,

179 519 186 523 ’
235 510 421 586 quare?
463 517 534 569 Si.
561 518 733 585 rogas?
885 544 888 547 ⁴
1000 538 1002 541 ·
1199 517 1516 585 [lescentulos‘

95 585 244 655 Tune
269 587 477 657 impune
502 589 614 639 haec
649 588 834 640 facias?
873 598 995 640 tune
1017 587 1104 638 hic
1137 587 1382 638 homines
1393 587 1514 637 ado-

94 657 358 727 Imperitos
395 677 580 724 rerum,
617 659 822 711 eductos
860 660 1032 723 libere,
1070 659 1121 709 in
1160 659 1383 712 fraudem
1419 658 1519 708 illi-

237 729 346 781 cis?
378 736 386 738 “
533 787 538 791 ,
710 778 725 789 ,,
1101 727 1210 797 [Cr.
1235 733 1410 783 sanun'
1436 731 1516 780 es?

96 798 443 866 Sollicitando,
462 809 513 851 et
537 783 863 871 pollicitando
886 819 1058 852 eorum
1086 801 1280 878 animos
1307 795 1492 852 lactas?

97 869 179 923 Si.
196 871 273 922 Ac
294 873 597 924 meretricios
622 891 813 924 amores
835 872 1021 941 nuptiis
1042 872 1390 939 conglutinas?
1457 875 1520 921 10

98 941 197 1003 Pa.
227 941 389 995 Perii:
430 955 616 1007 metuo,
635 953 698 998 ut.
709 945 897 995 substet
923 943 1114 1012 hospeS.
1159 941 1253 996 Ch.
1278 943 1334 1006 si,
1361 942 1520 1006 Simo,

215 1013 376 1066 'hunc
400 1016 532 1066 noris
556 1015 688 1078 satis,
1219 1013 1302 1081 [sit
1326 1015 1517 1064 bonus?

95 1082 218 1134 Non
258 1085 328 1136 ita
361 1073 628 1141 arbit-rdet
665 1082 826 1136 bonus
850 1085 934 1138 hic
959 1095 1032 1136 est
1055 1085 1143 1136 vir.
1218 1084 1290 1137 Si.
1330 1085 1412 1135 hic
1448 1085 1522 1136 vir

97 1154 240 1206 Itane
265 1157 602 1226 adtemperate
623 1157 758 1207 venit
779 1157 931 1209 hodie
956 1157 1007 1207 in
1034 1156 1150 1225 ipsis
1177 1155 1379 1224 nuptiiS,

101 1225 174 1276 Ut
210 1227 646 1278 veniretantehac
684 1228 978 1297 nunquam?
1019 1240 1092 1278 est
1115 1228 1230 1278 vero
1253 1227 1374 1278 huic
1413 1245 1521 1278 cre-

243 1298 483 1363 dendum,
511 1298 762 1350 Chreme?
914 1298 1065 1368 [quod
1093 1317 1327 1349 moneam
1351 1300 1523 1367 probe.

102 1367 210 1420 Pa.
246 1366 318 1419 Ni
355 1381 579 1420 metuam
612 1379 822 1436 patrem,
846 1369 1008 1422 habeo
1045 1388 1136 1439 pro
1160 1370 1247 1421 illa
1282 1387 1351 1433 re,
1376 1370 1521 1420 illum

101 1438 175 1492 Si.
211 1438 548 1508 Sycophanta.
590 1437 676 1496 Cr.
701 1439 837 1492 hem.
891 1439 984 1495 Ch.
1009 1441 1098 1506 sie,
1128 1441 1287 1504 Crito,
1312 1452 1384 1491 est
1408 1441 1523 1514 hic:

243 1511 404 1563 mitte.
449 1510 535 1565 Cr.
560 1511 740 1575 videat,
765 1512 850 1582 qui
874 1513 983 1564 siet.
1463 1517 1524 1562 16

101 1580 159 1632 Si
183 1581 310 1633 mihi
346 1583 526 1650 pergit,
552 1600 666 1651 quae
692 1585 810 1648 volt,
834 1584 1015 1646 dicere,
1041 1601 1114 1647 ea,
1141 1601 1254 1651 quae
1278 1601 1380 1634 non
1405 1585 1526 1647 volt,

243 1653 428 1705 audiet.
976 1654 1141 1724 [aequo
1164 1655 1335 1705 animo
1359 1656 1486 1706 feres
1507 1656 1523 1706 ?

101 1721 217 1790 Ego
240 1723 378 1775 istaec
403 1743 596 1788 move0,
630 1734 716 1776 aut
748 1728 902 1778 curo?
943 1743 1044 1778 non
1069 1736 1124 1777 tu
1149 1736 1296 1776 tuum
1325 1727 1526 1781 malum

101 1792 255 1860 Nam,
291 1812 387 1864 ego
411 1814 525 1865 quae
558 1797 690 1860 dico,
726 1814 862 1860 vera„
898 1814 963 1847 an
998 1798 1123 1848 falsa
1159 1796 1388 1861 audieris,
1419 1796 1527 1866 jam

146 1868 151 1874 ⁴
244 1866 359 1917 sciri
383 1876 562 1936 potest.
1204 1867 1409 1936 [ejectus
1436 1877 1526 1934 est,

101 1936 299 2000 Atticus
347 1937 549 2006 quidam
612 1938 736 1990 olim
798 1938 910 1990 navi
971 1940 1127 1997 fracta
1185 1940 1246 1990 ad
1296 1941 1525 1991 Andrum

101 2005 173 2059 Et
195 2006 335 2074 istaec
359 2011 461 2060 una
483 2027 633 2079 parva
658 2011 797 2078 virgo
818 2028 828 2061 :
869 2022 979 2061 tum
1005 2010 1090 2061 ille
1117 2027 1268 2078 egens
1295 2012 1418 2062 forte
1439 2029 1527 2080 ap—

241 2079 398 2147 plicat
427 2116 432 2125 .
809 2083 812 2088 ’
1050 2081 1252 2151 [ceptat.
1282 2080 1374 2135 Ch.
1401 2082 1523 2134 sine.

106 2149 332 2201 Primum
358 2151 420 2202 ad
447 2150 698 2222 Chrysidis
723 2162 915 2222 patrem
947 2170 1015 2204 se.
1091 2152 1163 2204 Si.
1199 2154 1420 2205 fabulam
1447 2153 1527 2205 in-

110 2219 197 2274 ΟΥ.
236 2221 378 2272 Itane
401 2224 518 2273 vero
537 2225 804 2275 obturbat?
847 2222 956 2277 Ch.
980 2242 1148 2293 perge.
1225 2222 1310 2277 Cr.
1352 2236 1460 2275 tum
1487 2225 1528 2276 is

246 2292 372 2343 mihi
399 2306 633 2361 cognatus
659 2295 770 2359 fuit,
1103 2322 1107 2332 ·
1458 2301 1526 2348 23

105 2361 211 2418 Qui
234 2379 351 2414 eum
377 2365 597 2434 recepit:
636 2367 705 2417 ibi
732 2383 829 2435 ego
852 2365 1020 2417 audivi
1057 2383 1119 2416 ex
1156 2365 1244 2418 illo
1281 2384 1386 2417 sese
1425 2385 1528 2418 esse

246 2434 491 2486 Atticum.
856 2439 877 2449 '
1121 2436 1242 2504 [tam
1270 2438 1371 2489 cito
1395 2438 1487 2490 tibi
1508 2440 1525 2489 ?

105 2505 151 2556 Is
177 2504 247 2555 ibi
274 2516 496 2556 mortuus
521 2517 608 2558 est.
687 2506 782 2560 Ch.
824 2508 929 2558 e‘us
956 2510 1176 2559 nomen?
1221 2506 1307 2562 Cr.
1343 2520 1527 2560 nomen

107 2575 314 2628 Phania.
360 2574 453 2629 Ch.
474 2577 610 2640 hem,
635 2579 776 2646 perii.
821 2527 908 2632 ὃν.
942 2581 1116 2631 verum
1153 2580 1324 2632 hercle
1353 2581 1531 2649 opinor

247 2647 395 2698 fuisse
422 2647 685 2700 Phaniam.
1460 2658 1528 2704 26

106 2717 225 2769 Hoc
250 2721 386 2769 certo
409 2719 529 2784 scio,
555 2718 922 2771 Rhamnusium
950 2738 1001 2771 se
1026 2720 1190 2772 aiebat
1214 2735 1333 2774 esse.
1376 2721 1471 2775 Ch.
1496 2725 1527 2776 ὃ

245 2787 476 2858 Jupiter!
698 2791 965 2859 [audivere.
1007 2789 1099 2845 Ch.
1119 2793 1315 2844 utinam
1341 2793 1392 2845 id
1414 2795 1522 2861 siet,

111 2858 196 2912 Cr.
214 2859 409 2912 Eadem
434 2861 563 2925 haee,
588 2861 822 2926 Chreme,
848 2862 995 2915 multi
1025 2863 1112 2914 alii
1137 2864 1189 2915 in
1215 2864 1389 2916 Andro
1414 2875 1525 2918 tum

2070 163 2140 211 43

1571 294 1640 339 ΟΙι.
1654 296 1729 336 Hic
1743 306 1810 336 est.
1831 297 1888 338 Si.
1904 297 2022 336 Mene
2039 311 2142 350 quae-

1567 355 1616 391 ris
1629 353 1653 391 .²·
1688 349 1788 399 Eho,
1812 361 1903 390 tune
1927 351 2141 404 Glycerium

1567 408 1684 443 civem
1702 403 1815 455 hujus
1831 405 1934 444 urbis
1958 418 2039 442 esse
2057 405 2109 440 ais
2122 405 2140 441 ?

1572 458 1636 498 ΟΥ.
1654 457 1716 495 An
1733 466 1777 496 tu
1786 459 1937 510 negas?
1962 458 2020 496 Si.
2039 453 2145 494 Itane

1569 521 1610 549 tu
1628 511 1848 550 subornatus
1871 510 1946 548 huc
1967 510 2142 548 advenis?

1573 563 1637 602 ΟΥ.
1665 562 1791 607 Quare
1820 560 1903 602 haec
1930 563 2049 601 dicis?
2089 562 2148 601 Sz‘.

1571 615 1795 660 Quaerisne?
1814 616 1887 660 An
1902 616 2056 668 impune
2073 613 2150 652 hoc

1573 670 1692 708 facere
1726 669 1797 708 tibi
1839 668 1991 707 licebit?
2037 666 2148 705 Tune

1574 721 1637 761 hie
1662 721 1832 760 homines
1858 721 2149 760 adolescentulos·

1575 775 1677 813 nulla
1702 775 1926 827 experientia
1943 787 2064 812 rerum
2091 775 2152 812 in·-

1572 838 1743 870 structos,
1762 828 1922 879 ingenue
1938 836 2050 879 atque
2079 825 2150 865 ho-

1573 881 1677 919 neste
1703 881 1890 926 educatos,
1917 881 1957 918 in
1981 880 2149 918 fraudem

1573 933 1718 972 inducis
1734 933 1750 971 ?
1780 932 1988 978 incitando,
2007 942 2045 970 et
2060 946 2151 984 >pro--v

1573 986 1756 1024 mittendo
1778 986 1896 1024 allicis
1914 999 2041 1023 eorum
2069 986 2152 1024 ani·

1573 1039 1684 1077 mos?
1744 1038 1806 1077 ΟΥ.
1840 1037 1954 1076 Num.
1982 1039 2079 1090 apud
2112 1047 2155 1077 te'

1574 1093 1641 1129 es?
1683 1091 1740 1129 Si.
1769 1091 1826 1130 Ac
1852 1092 2080 1129 meretricios
2111 1105 2152 1129 a·

1574 1157 1694 1182 mores
1710 1145 1852 1196 nuptiis
1878 1144 2086 1191 confirmas,
2112 1153 2152 1182 et

1574 1197 1808 1235 consolidas?
1837 1198 1906 1234 Pa.
1925 1195 2042 1235 Perii:
2073 1210 2152 1234 me-

1573 1258 1640 1288 tuo
1659 1261 1701 1287 ut
1728 1248 1863 1301 hospes
1893 1249 1997 1287 Crito
2023 1249 2151 1288 firmus

1575 1312 1704 1340 contra
1716 1312 1857 1355 patrem
1871 1302 2057 1340 subsistat.
2082 1303 2152 1341 Ch.

1576 1353 1697 1401 Simo,
1729 1356 1760 1392 si
1788 1356 1875 1392 satis
1902 1353 2002 1392 hunc
2033 1356 2153 1393 virum

1579 1408 1735 1455 noveris,
1755 1421 1830 1446 non
1850 1409 1902 1446 ita
1919 1408 1963 1445 de
1981 1407 2046 1445 illo
2063 1421 2154 1446 cen·

1578 1474 1672 1508 seas,
1689 1468 1733 1498 ut
1747 1461 1858 1499 facis:
1886 1461 2007 1499 bonus
2021 1459 2083 1498 hic
2101 1462 2158 1500 vir

1579 1523 1647 1552 est.
1691 1515 1748 1552 Si.
1777 1512 1853 1552 Hic
1870 1515 1923 1552 vir
1933 1515 1982 1551 sit
1998 1513 2119 1551 bonus
2134 1514 2153 1552 ?

1580 1565 1685 1605 Itane
1693 1568 1828 1618 praesto
1838 1577 1909 1614 est,
1922 1567 1959 1604 in
1970 1568 2051 1618 ipso
2061 1575 2157 1605 tem-

1534 1651 1536 1653 .
1578 1633 1667 1672 porc
1700 1621 1916 1671 nuptiarum
1949 1621 2159 1672 composito

1579 1674 1746 1720 veniens,
1773 1674 1857 1711 cum
1883 1686 2071 1723 nunquam
2089 1685 2158 1710 an-

1579 1723 1687 1763 tehac
1734 1726 1907 1763 venerit?
1963 1726 2026 1763 An
2071 1726 2160 1763 vero

1581 1777 1668 1816 huic
1694 1779 1915 1816 credendum
1938 1788 2013 1825 est,
2039 1777 2158 1816 Chre—

1582 1833 1670 1870 me?
1716 1832 1786 1869 Pa,
1813 1829 1899 1869 Nisi
1919 1841 2058 1882 patrem
2078 1845 2157 1869 me-

1578 1894 1696 1931 tuam,
1725 1885 1818 1931 scio,
1844 1885 1932 1935 quid
1964 1883 2158 1923 commode

1579 1935 1723 1974 Critoni
1751 1937 1787 1974 in
1815 1938 2031 1975 memoriam
2049 1938 2158 1975 redu-

1580 2003 1660 2028 cam
1678 2003 1745 2042 pro
1761 1989 1824 2028 illa
1840 2003 1880 2028 re
1898 2003 2008 2041 quam
2026 1990 2157 2040 objicit

1579 2055 1695 2093 pater.
1722 2043 1780 2081 Si.
1796 2041 2059 2090 Calumniator.
2092 2043 2158 2082 ΟΥ.

1580 2094 1698 2142 Hem,
1717 2109 1825 2134 mene
1842 2097 1959 2134 vocari
1976 2095 2158 2135 calumni-

1579 2158 1717 2185 atorem
1744 2149 1889 2200 patiar?
1939 2148 2008 2188 ΟΙι.
2044 2147 2117 2187 8ἱο
2135 2151 2160 2188 ὲ

1581 2202 1710 2239 natura
1737 2201 1854 2239 factus
1883 2210 1938 2239 est
1956 2199 2076 2247 Simo,
2095 2214 2159 2240 ve-

1581 2252 1750 2300 hemens,
1763 2263 1800 2291 et
1813 2253 2009 2293 iracundus
2023 2269 2032 2293 :
2055 2253 2159 2293 hune

1582 2308 1714 2345 omitte
1745 2317 1783 2344 et
1810 2320 1954 2358 sperne.
1995 2306 2060 2346 ΟΥ.
2091 2306 2159 2346 Vi-

1581 2359 1676 2397 derit
1691 2359 1810 2411 qualis
1828 2361 1906 2411 ipse
1926 2361 1989 2398 sit.
2016 2358 2058 2398 Si
2073 2373 2158 2412 per-

1581 2421 1735 2459 severet,
1754 2426 1838 2463 quae
1856 2413 1948 2459 vult,
1968 2412 2101 2464 probra
2118 2425 2160 2452 et

1582 2466 1743 2502 convitia
1758 2466 1894 2512 dicere,
1919 2479 1961 2503 ea
1979 2479 2063 2517 quae
2080 2479 2159 2505 non

1582 2517 1984 2567 vult‚invitus'audiet.
2024 2518 2158 2571 Egone

1583 2569 1647 2608 has
1665 2571 1709 2607 dc
1724 2572 1864 2622 nuptiis
1878 2571 2003 2609 turbas
2021 2573 2158 2619 excito,

1583 2632 1647 2660 aut
1678 2624 1755 2660 fieri
1780 2625 1894 2662 curo?
1927 2637 2052 2662 nonne
2079 2638 2157 2664 ma-

1582 2675 1675 2722 lum,
1712 2677 1812 2727 quod
1845 2686 2003 2729 propter·
2035 2677 2155 2716 filium

1578 2728 1649 2766 tibi
1694 2730 1841 2776 accidit,
1890 2739 1927 2767 te
1973 2730 2156 2782 patienter

1579 2777 1673 2819 ferre
1692 2790 1853 2833 oportet,
1871 2795 1947 2821 non
1973 2783 2056 2821 aliis
2086 2785 2157 2822 im-

1578 2836 1734 2886 putare?
1764 2831 1864 2873 Nam
1891 2836 1937 2874 de
1965 2834 2039 2883 his,
2071 2849 2157 2887 quae

1579 2887 1668 2932 dixi,
1679 2887 1757 2940 jam
1777 2889 1862 2926 sciri
1876 2898 2012 2939 potest,
2029 2888 2156 2927 utrum

1579 2953 1675 2985 vera,
1690 2953 1738 2977 an
1755 2939 1844 2978 falsa
1857 2944 1933 2980 sint
1959 2955 2016 2988 ea,
2032 2955 2116 2992 quae
2132 2943 2155 2980 ὲ,

109 2998 167 3024 me
185 2988 366 3026 audivisti.
420 2986 582 3031 Quidam
605 2986 843 3027 Atheniensis
873 2988 1062 3039 naufragio
1080 2988 1178 3028 facto
1202 2989 1248 3026 ad
1273 2989 1604 3041 Andrum'ejecms
1622 3002 1692 3039 est,
1713 3003 1822 3045 atquc
1851 2994 1925 3032 una
1947 2995 2029 3041 ista,
2047 3007 2157 3045 parva

108 3047 212 3086 tune,
230 3041 357 3092 virgo:
386 3049 464 3079 tum
484 3040 546 3078 ille
567 3054 706 3092 egenus
725 3043 890 3080 omnium
908 3055 1029 3079 rerum
1047 3041 1144 3080 forte
1165 3055 1203 3080 se
1219 3044 1292 3080 reci
1307 3044 1367 3090 nt,
1386 3053 1424 3081 et
1447 3057 1468 3079 a
1494 3044 1606 3096 plicat
1624 3046 1668 3083 ad
1686 3043 1872 3098 Chrysidis
1891 3056 2043 3099 patrem.
2097 3047 2154 3087 Si.

108 3089 282 3130 Fabulam
314 3093 386 3130 inci
416 3094 446 3131 it
474 3107 628 3132 narrare.
686 3095 756 3133 Ch.
785 3095 883 3132 Sine*
903 3109 988 3132 cum
1020 3094 1134 3146 loqui.
1192 3095 1256 3134 ΟΥ.
1305 3106 1388 3133 tane
1417 3099 1466 3133 mi

1500 3099 1510 3134 i
1537 3098 1775 3150 interrumpit
1799 3100 2035 3138 sermonem?
2085 3101 2156 3140 Ch.

105 3140 234 3195 Perge.
291 3145 356 3184 Cr.
382 3107 435 3190 fs,
453 3147 516 3197 qui
534 3157 623 3184 tunc
641 3159 726 3184 eum
745 3146 907 3199 hospitio
926 3159 1012 3185 exce
1043 3149 1085 3192 it,
1104 3146 1196 3185 mihi
1214 3160 1392 3197 cognatus
1412 3149 1503 3187 fuit:
1533 3149 1583 3187 ibi
1604 3163 1674 3200 ego
1692 3152 1811 3189 audivi
1829 3165 1872 3190 ex
1893 3152 1958 3190 illo
1975 3165 2054 3190 sese
2073 3166 2152 3191 esse

109 3196 290 3235 Atticum.
345 3196 382 3235 Is
400 3200 439 3235 in
458 3198 585 3237 Andro
604 3208 768 3237 mortuus
787 3210 853 3238 est.
912 3200 980 3238 Ch.

1051 3200 1122 3238 uod
1145 3198 1217 3238 fuit
1241 3196 1319 3251 ejus
1346 3202 1508 3241 nomen?
1568 3199 1640 3240 Cr.
1659 3202 1721 3241 An
1740 3214 1817 3242 tam
1834 3206 1910 3243 cito
1928 3204 1996 3243 tibi
2016 3218 2154 3244 nomen.

104 3249 182 3298 ejus
201 3249 259 3287 edi
279 3251 414 3301 cupis?
445 3248 585 3288 Phania
603 3265 738 3290 nomen
766 3252 854 3298 fuit,
882 3264 923 3290 ut
941 3262 1045 3303 puto.
1103 3253 1172 3290 Ch.
1201 3252 1317 3300 Hem,
1336 3256 1441 3305 perii.
1498 3254 1564 3293 Cr.
1594 3253 1731 3293 Verum
1759 3256 1885 3295 hercle
1909 3260 2039 3309 opinor
2056 3257 2155 3296 Pha-

107 3304 205 3339 niam
233 3301 284 3338 illi
307 3315 440 3355 nomen
458 3302 583 3341 fuisse.
640 3303 723 3342 Hoc
741 3307 843 3342 certo
861 3306 953 3351 scio,
975 3303 1243 3343 Rhamnusium
1270 3319 1309 3344 se
1338 3307 1457 3345 aiebat
1475 3320 1566 3345 esse.
1624 3307 1692 3346 Ch.
1720 3307 1756 3347 Ο
1782 3308 1953 3362 Jupiter!
1986 3310 2051 3351 Cr.
2077 3309 2152 3351 Ea-

102 3354 190 3404 ·dem
210 3352 306 3396 haec.
323 3353 497 3402 Chreme,
511 3355 619 3394 multi
638 3357 696 3394 alii
714 3357 752 3395 in
766 3357 895 3397 Andro
910 3366 1001 3396 tunc
1018 3357 1244 3397 audiverunt.
1303 3359 1373 3398 Ch.
1402 3357 1556 3398 Utinam
1576 3359 1612 3397 id
1629 3362 1695 3408 sit,

961 3507 1291 3549 ANNOTATIO.

160 3624 206 3662 27
238 3619 533 3670 Rhamnusium]

580 3619 829 3661 Rhamnusius
848 3621 870 3662 ὃ,
883 3620 1104 3662 Rhamnun-
1154 3623 1203 3662 ob
1221 3623 1259 3662 id
1273 3621 1504 3665 Rhamnusia
1522 3625 1618 3665 dicta
1634 3626 1704 3678 est)
1723 3617 1874 3681 ejusque
1891 3631 2155 3672 simulachrum

104 3678 142 3707 te
171 3672 347 3723 oppidulo
376 3673 529 3719 Atticae,
558 3675 597 3712 in
624 3688 700 3726 quo
726 3676 1004 3714 celeberrimum
1032 3675 1104 3714 suit
1156 3690 1401 3716 marmoreum
1435 3679 1576 3718 factum
1606 3681 1628 3718 a
1658 3679 1790 3721 Phidia
1817 3684 1938 3725 nobili
1966 3687 2150 3733 statuario,

107 3724 288 3775 templum
305 3723 476 3764 Nemesis
492 3725 568 3765 deoe
587 3727 727 3766 ultricis
746 3727 985 3780 superbOrum
1006 3727 1104 3779 (quoe
1150 3730 1274 3768 ‘altum
1290 3731 1416 3769 decem
1435 3731 1553 3772 ulnas.

1646 3783 1684 3820 N
