2340 3964
82 188 253 242 lxxxvi

1000 181 1557 241 PROLEGOMENA

487 332 648 382 Habet
666 333 792 380 enim
825 329 943 377 duos
965 328 1195 393 dactylos
1217 331 1416 380 alterum
1436 333 1571 381 alteri
1594 334 1890 382 subeuntem
1898 341 2008 382 ante
2029 333 2142 398 pos-

419 405 624 446 tremum
660 398 887 445 iambum.
953 394 1107 458 AEque
1133 403 1290 443 autem
1322 397 1622 448 incommode
1641 416 1703 447 ex
1726 400 2145 455 Heautontimoru-

381 499 391 506 κ
418 479 561 510 meno
593 460 1111 537 brachycatalecticum
1132 459 1409 509 nominavit·
1418 462 1604 546 illuns
1591 482 1640 513 in
1656 481 1750 529 quo
1766 466 2031 574 periculum
2053 480 2143 530 po-

419 527 512 575 tius
536 527 766 580 imminet,
788 542 850 574 ne
872 526 985 589 quid
1010 525 1269 574 redundet.
1958 555 1964 561 ·

549 593 610 639 Et
628 592 754 638 illam
769 593 905 639 simul
924 607 1023 640 cum
1039 593 1202 638 mencio
1223 589 1310 639 tzbz'
1328 590 1401 640 hic
1421 608 1500 656 ego
1521 596 1762 654 affuturam
1783 596 1916 644 hodie
1928 599 2039 644 ww.

483 657 570 704 Est
589 657 718 705 enim
741 657 997 721 quadratus
1019 657 1266 706 iambicus.
1332 658 1466 706 Sicut
1486 657 1621 707 illum
1636 667 1821 758 quoque
1841 660 2000 710 minus
2024 664 2144 737 bene

417 723 715 771 octonarium
733 722 1250 786 hypercatalecticum.

548 787 726 836 Probe.-
761 789 864 836 huic
875 790 1024 849 filium
1043 791 1129 836 scis
1149 805 1236 835 esse
1251 792 1277 836 θ’
1308 789 1485 844 audivi,
1507 791 1556 836 in
1576 788 1708 839 Asici.
1720 805 1818 838 nun
1839 802 1900 854 est
1911 767 2063 854 pater.

467 854 613 902 Nam
633 854 674 902 si
698 854 938 903 iambum
928 871 978 902 ιη
1001 851 1156 916 prima
1173 853 1284 902 sede
1307 863 1498 911 statuas,
1523 865 1572 903 et
1603 856 1832 903 creticum
1864 858 1917 905 in
1938 856 2147 906 secunda

416 918 483 968 ob
501 920 799 984 positionem,
823 930 904 967 aut
926 919 1171 983 dactylum
1203 935 1265 968 ex
1303 919 1472 967 natura
1494 922 1716 985 syllabae,
1749 923 2039 984 septenarius
2059 934 2146 973 est.

417 985 526 1040 Sed,
551 986 700 1039 audii,
724 985 1134 1048 pronunciandum
1150 992 1237 1041 est,
1253 985 1474 1041 utrAsz'a,
1496 987 1557 1034 sit
1574 994 1856 1060 anapaestus.
1904 987 1988 1035 Sin
2003 988 2148 1036 malis

417 1051 730 1132 trochaicum,
755 1066 853 1098 non
875 1050 1074 1099 collidas
1105 1049 1382 1099 adverbium
1398 1051 1556 1114 probe,
1579 1061 1629 1101 et
1651 1053 1741 1100 erit
1760 1059 2027 1115 anapaestus
2046 1053 2146 1116 pri·

417 1133 500 1164 ma
526 1117 575 1163 in
601 1115 724 1172 sede,
758 1117 940 1180 eritque
967 1116 1251 1173 octonarius,
1275 1117 1558 1174 trochaicus,
1582 1117 1906 1173 catalecticus,
1929 1125 1994 1174 et,
2010 1120 2153 1174 Auia.

418 1182 859 1245 bisyllabum.1n
880 1181 1168 1230 Phormione
1193 1181 1368 1231 frustra
1399 1182 1587 1233 laborat
1609 1181 1962 1248 transponendo
1982 1181 2148 1241 verba,

416 1258 471 1296 ut
495 1248 705 1296 numeris
726 1249 954 1304 consulat,
979 1264 1037 1295 eo
1058 1263 1199 1295 versu
1220 1264 1232 1295 :

556 1315 615 1361 Ut
637 1313 700 1360 ad
715 1328 870 1377 pauca
891 1313 1086 1369 redeam,
1109 1331 1167 1363 ac
1185 1316 1364 1362 mittam
1385 1314 1514 1363 illius
1532 1315 1739 1379 inquiat.

483 1379 680 1428 Mavult
702 1380 768 1426 ita
792 1380 917 1444 legi:

550 1445 632 1493 Ad
643 1458 800 1507 pauca
821 1457 868 1493 ut
890 1445 1084 1496 redeam.

459 1511 552 1557 At
582 1508 696 1558 vero
722 1511 938 1565 verbum,
963 1512 1159 1566 redeam,
1182 1511 1477 1586 bisyllabum
1500 1526 1619 1566 esse,
1636 1511 1722 1560 vel
1750 1511 2004 1560 sexcentis
2014 1488 2151 1566 locis,

416 1576 499 1624 ubi
524 1592 642 1640 opus
666 1585 752 1631 est,
775 1584 975 1624 constat.
1045 1577 1230 1624 Eximit
1262 1577 1408 1625 etiam
1443 1577 1659 1626 vocalem
1689 1577 1828 1640 hujus
1847 1577 2147 1642 praepositio·
2226 1626 2229 1627 γ

416 1642 509 1700 nis,
522 1656 624 1705 per,
648 1658 705 1689 eo
724 1658 858 1689 versu
877 1641 1224 1705 Adelphorum,

550 1709 642 1755 Per
660 1721 985 1771 oppresszonem
1009 1719 1058 1754 ut
1076 1708 1192 1756 hanc
1213 1709 1327 1756 mihi
1347 1711 1523 1774 eripere
1535 1709 1745 1772 postulet.

483 1774 548 1821 At
570 1772 701 1828 vero,
732 1773 846 1836 quid
885 1772 1030 1821 fuerit
1062 1773 1237 1828 dicere,
1258 1776 1685 1838 ιμὀῙῃυνεεεἱοηιιήι,9
1716 1789 1910 1838 nempe
1925 1771 2154 1854 frigidum

419 1837 678 1888 admodum
699 1850 787 1894 est,
811 1855 869 1887 ne
885 1840 1043 1886 dicam
1066 1839 1339 1894 absurdum,
1363 1856 1540 1888 novum
1564 1839 1694 1904 fugae
1713 1855 1880 1903 genus,
1898 1838 1994 1903 qud
2009 1840 2155 1886 evitet

420 1906 651 1953 creticum
687 1903 880 1952 fatalem
902 1905 1066 1952 illum:
1105 1921 1216 1952 cum
1254 1914 1415 1953 tamen
1451 1904 1570 1954 adeo
1604 1905 1813 1952 molliter
1845 1904 2155 1968 pronunciari

372 1987 374 1990 ·
418 1972 582 2036 possit,
609 1978 662 2017 ut
683 1971 767 2018 vix
788 1968 1037 2018 divertat
1016 1985 1045 2016 a
1066 1969 1235 2018 natura
1256 1970 1482 2035 spondaei.
1546 1970 1675 2018 Sed
1658 1986 1759 2033 Jam
1781 1986 1944 2018 vereor
1964 1979 2026 2018 ne
2049 1970 2153 2034 quis

420 2052 601 2091 eorum,
625 2051 742 2099 quos
776 2036 857 2083 ille
879 2036 1041 2084 multis
1062 2036 1178 2084 locis
1201 2037 1376 2099 premit
1393 2036 1564 2084 fabulis
1587 2047 1727 2100 atque
1752 2035 1928 2092 irridet,
1952 2043 2155 2100 reponat

421 2103 466 2152 ei
490 2101 708 2168 gratiam,
731 2101 843 2150 cum
861 2102 911 2149 in
927 2101 1076 2152 verbo
1091 2103 1290 2165 postulo,
1311 2103 1464 2150 sciant
1486 2102 1581 2150 ab
1570 2119 1674 2166 ipso
1697 2111 1976 2166 exemptam
1995 2100 2159 2150 medi—⁴

421 2184 500 2216 am
523 2168 752 2216 vocalem.
820 2168 1007 2232 Magno
1030 2169 1158 2215 enim
1194 2167 1240 2214 in
1247 2168 1476 2231 periculo
1510 2176 1596 2222 est,
1619 2184 1681 2215 ne
1713 2169 1775 2215 ab
1810 2168 1903 2216 illis
1925 2167 2155 2216 barbarus

420 2234 714 2297 appelletur·
753 2242 1006 2298 propterea
1037 2232 1166 2297 quod
1204 2234 1447 2290 Germani,
1483 2234 1747 2299 proesertim
1776 2241 2008 2282 nostrates
2030 2232 2153 2279 Vin-

420 2300 592 2356 delici,
601 2299 760 2354 Carni,
775 2300 957 2366 Norici,
976 2299 1090 2347 item
1107 2299 1261 2355 Suevi,
1280 2300 1491 2347 Saxones
1511 2301 1578 2348 ita
1595 2299 1709 2348 illud
1727 2299 1927 2348 verbum
1943 2305 2157 2362 pronun-

424 2366 567 2421 ciant,
585 2366 667 2413 vix
687 2374 737 2412 ut
749 2382 856 2413 eam
872 2364 1087 2414 vocalem
1103 2365 1343 2413 exaudias.
1365 2365 1546 2413 Verum
1564 2365 1799 2430 equidem,
1820 2381 1973 2429 neque
1991 2362 2162 2412 ἱῐτίἀο·’

422 2433 487 2480 bo
526 2441 764 2478 maternos
800 2447 911 2479 avos
951 2447 1099 2486 meos,
1134 2447 1289 2494 neque
1326 2432 1526 2481 hominis
1561 2432 1827 2484 consilium,
1860 2431 2038 2495 quippe
2073 2429 2156 2492 qui

395 2554 406 2566 .
421 2513 606 2546 memor
626 2497 715 2543 sim
739 2497 838 2558 ejus
861 2497 1022 2546 versus
1049 2496 1345 2544 erc-Casina:
1381 2498 1513 2545 Nune
1533 2514 1586 2544 ne
1607 2508 1654 2543 tu
1686 2498 1946 2559 respondere
1959 2494 2157 2559 postules

423 2580 492 2610 me
514 2561 616 2610 tibi.
684 2562 795 2609 Non
817 2563 961 2637 igitur
976 2561 1208 2624 judicium
1237 2563 1548 2626 reprehendo,
1566 2562 1646 2610 sed
1662 2561 1828 2624 judicii
1855 2563 2027 2610 locum.
2091 2562 2154 2611 Ei

425 2629 552 2676 enim
576 2628 731 2675 versui
755 2630 936 2692 optimo
961 2639 1104 2692 atque
1127 2628 1463 2693 pulcherrimo
1468 2628 1713 2694 quadram,
1731 2645 1794 2676 ex
1811 2627 2010 2711 Andria,
2029 2628 2154 2676 hanc

426 2694 643 2756 injuriam
668 2693 906 2743 faciebat:

559 2759 709 2808 Οιὶηι
690 2777 731 2807 ts
750 2761 868 2808 nihil
878 2772 1161 2824 promereat:
1188 2761 1435 2826 postulare,
1458 2761 1513 2808 id
1530 2763 1696 2825 gratioe
1718 2761 1887 2835 apponi
1903 2759 2008 2807 sibi

490 2824 671 2872 Verum
691 2835 738 2872 et
757 2825 834 2874 hic
858 2827 978 2873 nihil
1002 2843 1194 2876 necesse
1219 2829 1391 2876 habeas
1416 2825 1680 2883 concidere,
1704 2834 1753 2873 et
1771 2827 1970 2899 primam
1987 2823 2156 2872 natura

428 2907 539 2938 cum
563 2891 800 2953 corripiat,
825 2909 922 2939 non
943 2893 1098 2955 potuit
1119 2894 1283 2940 sibilus
1306 2893 1644 2956 impedimento
1667 2908 1767 2938 esse
1790 2892 1839 2937 in
1862 2890 1944 2937 illo
1967 2889 2154 2937 Casinae

428 2973 585 3012 versu,
614 2958 726 3021 quin
760 2958 898 3005 unico
920 2959 1104 3006 tantum
1132 2968 1361 3034 ternpore¹
1368 2957 1687 3022 proferretur.
1724 2956 1902 3004 factum
1930 2954 2058 3003 enim
2084 2965 2156 3003 est

428 3039 492 3070 ex
505 3035 636 3097 posse
657 3031 704 3069 et
726 3024 891 3070 tollere.
959 3024 1126 3087 Neque
1149 3026 1279 3071 enim
1315 3024 1476 3070 literas
1504 3022 1827 3086 geminabant,
1851 3020 1977 3085 quod
2009 3021 2156 3068 etiam

427 3087 603 3137 durat
592 3105 641 3134 m
665 3089 920 3150 praeterito,
943 3091 1096 3138 tetuli.-
1132 3099 1193 3146 et,
1232 3101 1386 3145 teram,
1429 3088 1633 3152 simplici
1672 3088 1906 3135 elemento
1927 3087 2157 3150 scriptam

429 3154 480 3201 in
498 3153 632 3200 libris
649 3169 898 3218 augurum,
919 3155 986 3202 ait
1003 3155 1182 3204 Varro:
1219 3164 1267 3202 et
1285 3156 1375 3202 hoc
1393 3164 1552 3202 monet
1573 3169 1658 3201 nos
1677 3151 1887 3232 plurimis
1908 3152 2022 3199 locis
2035 3152 2158 3203 V‘er-

428 3219 541 3274 rius,
562 3221 754 3282 ejusque
775 3219 1006 3283 interpres
1029 3230 1171 3295 atque
1195 3222 1404 3269 imitator
1425 3221 1604 3267 Festus.
1672 3216 1909 3266 Caeterum
1932 3218 2158 3267 Erasmus

427 3286 614 3335 utinam
647 3300 752 3332 eam
785 3301 962 3332 curam
982 3286 1159 3332 alium
1147 3303 1195 3333 m
1218 3302 1404 3334 versum
1426 3284 1748 3337 transtulisset,
1780 3283 1839 3331 ad
1866 3291 2043 3331 nomen
2066 3283 2158 3332 hoc

423 3352 644 3430 periculo,
670 3348 825 3413 potius
847 3350 988 3415 quam
1014 3352 1198 3399 tolleret
1220 3367 1410 3398 omnem
1439 3351 1662 3398 sermonis
1691 3349 1993 3412 elegantiam,
2016 3354 2159 3412 atqu'e

431 3413 552 3463 adeo
576 3416 912 3465 Atticismum:
946 3416 1123 3481 quippe
1146 3433 1424 3481 pronomen,
1458 3417 1556 3473 ltoe,
1591 3425 1663 3464 est
1693 3425 1853 3464 autem
1885 3431 1946 3463 ex
1978 3413 2159 3462 Andria

434 3483 502 3531 is:

564 3548 676 3596 Sine
696 3564 818 3598 omm
810 3549 1035 3613 'periculo
1049 3566 1069 3606 ,·
1101 3565 1205 3598 nam
1226 3550 1359 3599 hocce
1374 3549 1499 3598 haud
1515 3548 1699 3598 dubium
1721 3558 1799 3604 est,
1818 3547 1926 3613 quin
1949 3545 2157 3594 Chremes.
