2340 3964
111 143 214 202 lxx’

1016 138 1574 234 pnoLEGoMENA

445 308 585 353 terno
620 307 791 360 anirno,
827 305 1056 351 constanti
1093 304 1442 372 conquestione.
1505 304 1646 354 Quod
1669 303 1707 352 si
1729 303 1786 354 ad
1810 305 1995 355 Davum
2018 305 2168 372 respi-

447 373 593 426 ciant,
629 373 708 435 qui
741 370 949 432 sequenti
973 369 1118 416 scena
1143 370 1245 430 jam
1273 370 1420 426 otium
1441 375 1580 434 atque
1604 371 1990 435 tranquillitatem
2012 372 2167 436 impe-

449 436 600 482 rando
634 436 740 486 sibi,
781 435 1062 482 bellissimos
1094 433 1250 481 fundit
1273 434 1556 490 trochaicus,
1575 435 1675 498 jam
1700 436 1788 500 ipsi
1810 434 1894 496 ina
1915 436 1976 486 de
1994 439 2166 489 celeri-

447 507 546 547 tate
569 501 741 564 aliquid
765 500 1024 547 consultius
1047 501 1303 547 remittant.
1370 493 1787 574 PoetasUPrOfecto
1820 502 1934 551 istos
1959 505 2170 564 comicos

442 569 691 620 nostrateS,
733 579 782 612 ut
814 567 862 612 in
898 577 1103 612 mentem
1127 572 1352 612 venerant
1377 580 1449 610 res
1469 566 1733 628 arripuisse,
1767 568 1928 632 eisque
1947 562 2183 622 numeros

442 630 834 682 accommodasse
866 647 983 678 reor.
1050 631 1130 679 Isti
1165 629 1280 678 vero
1315 630 1647 693 legumlatores
1676 630 1811 689 nosvi,
1837 631 2049 699 plerique
2075 634 2168 682 hoe

445 696 544 741 'suis
568 697 786 744 obtinent
810 697 1010 759 ingeniis
1034 698 1272 760 peculiare
1294 713 1307 744 ι
1344 696 1486 742 semel
1513 695 1684 742 alicubi
1707 698 1745 744 si
1767 699 1878 762 quid
1899 698 2165 764 deprehen-

444 759 576 815 dere,
611 761 738 809 illico
762 779 848 825 pro
870 764 976 825 lege
1000 763 1193 810 habent.
1250 761 1560 824 Atquilongo
1582 762 1960 828 multoque-opus
1978 776 2048 814 est
2067 777 2167 813 stu·

445 826 542 879 dio,
577 836 647 874 est
673 845 790 890 opus
813 829 1008 876 consilio
1030 827 1263 893 prudenti,
1299 827 1396 874 acri
1422 827 1603 887 judicio
1625 843 1744 890 opus
1764 836 1862 875 est:
1897 846 2168 896 quanquam

444 891 663 955 equidem
706 911 802 942 non
840 894 1072 958 negarim,
1106 893 1372 941 fabularum
1411 892 1573 948 initiis,
1614 893 1696 939 ubi
1731 893 1911 942 animos
1942 912 2171 962 auresque

442 968 763 1019 spectatorum
799 959 1024 1007 trimetris
1065 959 1272 1006 versibus
1313 957 1607 1014 imbuissent,
1651 959 1740 1021 ipsi
1781 958 1886 1006 sibi·
1911 963 2168 1027 suosquasi

436 1023 545 1083 jure
581 1033 789 1087 agerent,
831 1024 1057 1088 deinceps
1093 1023 1383 1087 interspersis
1424 1023 1599 1071 alicubi
1631 1023 1842 1084 ejusdem
1876 1026 2170 1090 genet-'istae-

442 1088 603 1142 nariiS,
630 1089 768 1152 idque
792 1106 946 1154 neque
967 1107 1170 1153 semper,
1204 1105 1357 1153 neque
1381 1097 1583 1144 coactos,
1606 1105 1759 1152 neque
1786 1089 2004 1138 consulto
2024 1090 2168 1140 facti·

441 1153 568 1200 tasse
585 1155 921 1204 existimamus.
978 1156 1087 1203 Fuit
1108 1167 1266 1203 tamen
1294 1157 1382 1202 hoc
1407 1154 1497 1201 illis
1519 1155 1565 1201 in
1590 1171 1720 1202 more
1744 1157 1964 1217 positum,
1987 1166 2039 1204 ut
2059 1162 2170 1204 nard

444 1220 708 1267 rationibus
741 1222 974 1269 trimetros
1009 1222 1185 1283 maj-ore
1219 1238 1280 1270 ex
1313 1227 1448 1286 parte
1485 1220 1790 1284 adaptarent:
1829 1237 1982 1284 neque
2017 1223 2172 1272 solum

441 1284 494 1331 in
519 1289 824 1349 argumentis,
847 1296 927 1334 aut
950 1288 1163 1351 prologO,
1185 1285 1463 1349 autprotasi
1483 1301 1497 1345 3
1535 1286 1614 1334 sed
1635 1287 1777 1334 etiam
1802 1288 1926 1349 apud
1947 1304 2223 1351 personasa

443 1359 539 1404 eaS,
582 1367 691 1414 quae
726 1355 868 1400 etiam
903 1353 1028 1400 aliud
1065 1361 1272 1417 agerent.
1338 1351 1750 1402 Quemadmodum
1783 1352 1894 1399 cum
1928 1353 2090 1412 Davus
2119 1354 2171 1401 in

443 1415 643 1472 Andria,
680 1418 739 1465 de
775 1419 876 1465 aliis
911 1420 1051 1466 rebus
1078 1419 1285 1482 loquens,
1319 1415 1414 1464 alia
1438 1418 1582 1466 utitur
1601 1434 1819 1472 versuum
1842 1416 2167 1474 dimensione:

442 1481 527 1527 ubi
551 1482 607 1528 ad
636 1485 954 1531 narrationem
984 1485 1237 1534 deventum
1272 1493 1358 1538 est,
1394 1481 1455 1529 de
1477 1484 1588 1532 navi
1612 1481 1766 1532 fracta
1788 1483 1912 1548 apud
1933 1483 2168 1541 Andrum,

445 1546 507 1593 'ad
533 1549 769 1596 trimetros
793 1549 1068 1597 divertitur:
1198 1567 1200 1570 ·

580 1613 658 1662 Ad
678 1615 767 1662 lzoec
788 1616 922 1669 mala,
945 1615 1026 1663 lzoc
1047 1615 1159 1663 mihi
1181 1615 1360 1663 accedit
1383 1618 1518 1663 etiam
1535 1635 1550 1662 .-
1585 1615 1677 1662 haec
1699 1614 1894 1664 Andria.

509 1679 692 1727 Eadem
717 1681 965 1744 diligentia
982 1684 1027 1727 in
1048 1682 1269 1744 epistolis.
1327 1684 1383 1728 ln
1406 1680 1639 1729 Pseudolo
1656 1682 1716 1728 ab
1735 1681 1886 1744 longis
1905 1680 1952 1728 in
1969 1677 2201 1729 senario&

443 1743 728 1793 deflectitur.
801 1748 854 1793 In
893 1746 1115 1794 Asinaria
1147 1763 1331 1810 quoque
1365 1746 1489 1811 quod
1523 1757 1711 1810 pactum
1751 1748 2071 1810 conscriptum
2102 1748 2194 1797 eit>

440 1809 571 1858 *inter
593 1811 956 1867 adolescentem,
981 1824 1027 1859 et
1051 1814 1222 1867 lenam,
1247 1815 1437 1859 senariis
1454 1813 1696 1874 expletur:
1733 1813 1955 1876 quoniam
1980 1812 2041 1859 sit
2061 1827 2173 1859 nar-

445 1877 569 1923 ratio
601 1878 856 1941 quaedam:
891 1895 1162 1942 quanquam
1186 1895 1246 1925 ne
1273 1877 1352 1925 hic
1374 1878 1564 1944 quidem
1594 1894 1794 1940 semper.
1862 1877 1988 1925 Nam
2022 1877 2176 1941 longis

447 1943 662 1989 versibus
701 1954 863 1991 narrat
894 1945 944 1991 in
979 1943 1199 1991 Rudente
1229 1944 1452 2008 Grippus,
1488 1945 1668 1991 eventis
1701 1943 1906 1990 fortunae
1928 1958 2028 1989 sese
2051 1942 2176 2006 bene

448 2017 715 2071 acceptum.
781 2010 847 2056 At
870 2010 919 2057 in
943 2009 1108 2056 eadem
1133 2025 1276 2056 senex
1299 2011 1534 2056 somnium
1557 2009 1792 2056 trimetris·
1858 2009 1933 2056 Ex
1967 2007 2178 2070 utrisque

448 2073 580 2129 vero,
608 2085 748 2137 atque
770 2076 911 2122 etiam
938 2077 1040 2123 aliis
1062 2076 1209 2134 mistis
1226 2075 1358 2122 Sosia
1375 2074 1762 2138 Amphitruonis:
1801 2089 2068 2138 quanquam
2094 2073 2175 2120 ubi

449 2138 510 2185 ad
538 2156 702 2186 manus
726 2149 916 2188 ventum
934 2151 1018 2196 est,
1038 2143 1303 2188 iamborum
1323 2141 1419 2187 vim
1443 2151 1583 2204 atque
1606 2140 1899 2187 alacritatem
1922 2139 2175 2186 minutiore

444 2216 574 2268 ‘gyro
591 2205 762 2260 flectit,
797 2223 853 2254 ac
877 2207 1045 2268 vibrat.
1116 2207 1240 2253 Cum
1271 2206 1413 2271 igitur
1434 2218 1530 2253 tam
1551 2206 1898 2253 inconstantem
1923 2206 2078 2268 legem
2101 2204 2173 2250 vi-

449 2270 660 2324 deamus,
687 2283 736 2318 ut
761 2272 852 2318 illis
873 2273 1026 2336 poetis
1044 2288 1198 2338 neque.
1217 2288 1342 2319 curae
1361 2271 1520 2326 fuerit,
1542 2271 1612 2318 uti
1630 2270 1854 2326 facerent,
1875 2287 2030 2334 neque
2049 2270 2181 2316 salvo

440 2337 556 2398 puri
580 2339 810 2385 sermonis
835 2340 985 2388 nitore
1009 2339 1196 2386 efficere
1219 2349 1429 2401 potuere,
1468 2338 1535 2384 uti
1572 2337 1777 2385 numeris
1799 2347 1954 2383 essent
1976 2335 2179 2382 astricti·

450 2402 640 2451 oribus:
691 2419 776 2449 nos
811 2405 878 2451 sic
900 2405 1109 2458 inventa,
1147 2415 1226 2451 aut
1249 2401 1646 2466 quemadmodum
1668 2403 1890 2458 existunt,
1930 2401 2175 2465 permitta-

449 2483 570 2522 mm,
615 2478 695 2514 aut
726 2470 762 2514 si
797 2470 910 2532 quid
943 2470 1118 2516 sinistri
1148 2485 1248 2516 sese
1282 2468 1464 2525 offerat,
1499 2485 1558 2516 ne
1593 2467 1753 2515 odiose
1778 2477 2174 2531 extorqueamus:

446 2534 717 2596 praesertim
752 2534 863 2581 cum
897 2535 1106 2582 licentiae
1142 2535 1304 2581 vitium
1342 2551 1451 2581 curn
1474 2533 1672 2590 GraeciS,
1709 2532 1832 2581 unde
1857 2534 2177 2596 sumpsissent,

452 2599 540 2645 sibi
567 2613 834 2655 commune,
859 2600 1064 2656 licentia,
1087 2600 1156 2648 uti
1176 2600 1310 2655 solet,
1333 2615 1520 2648 auxere.

520 2664 642 2711 Illud
676 2663 806 2720 vero,
842 2666 966 2730 quod
1001 2667 1144 2731 aliqui
1169 2665 1448 2720 dubitando,
1482 2665 1674 2731 quidam
1698 2665 1839 2712 etiam
1865 2661 2175 2713 asseverando

452 2731 714 2792 negabant,
752 2730 937 2778 fabulas
976 2732 1283 2781 Terentianae
1317 2731 1538 2780 trimetris
1571 2731 1964 2794 circumscriptae,
2003 2728 2178 2776 falsum

453 2810 555 2842 esse
589 2795 996 2859 deprehendimus,
1063 2799 1189 2845 Nam
1223 2792 1272 2844 et
1293 2798 1419 2860 apud
1444 2814 1553 2845 eum
1574 2801 1762 2861 poetam
1787 2797 1892 2859 plus
1916 2809 2016 2843 esse
2040 2793 2178 2856 hujus

454 2861 680 2908 carminis
715 2863 954 2910 invenies:
992 2876 1039 2910 et
1067 2862 1246 2917 eontra,
1283 2863 1407 2926 apud
1443 2862 1661 2910 Plautum
1690 2861 1955 2926 quadratoS,
1992 2859 2178 2922 aliaque

442 2918 723 2989 ‘longiorum
748 2944 934 2990 genera.
985 2929 1169 2976 Andria
1190 2929 1310 2990 pene
1335 2945 1395 2974 ex
1421 2944 1558 2991 aequo
1579 2927 1729 2974 divisa
1753 2927 1800 2973 in
1823 2936 2072 2989 utrumque
2091 2941 2175 2988 ge·

444 2991 541 3037 >nus
564 3002 648 3039 est.
718 2992 857 3041 Haud
882 2995 1010 3040 enim
1034 2994 1100 3040 ita
1124 2991 1271 3040 multo
1294 2994 1353 3040 ab
1379 2993 1533 3056 longis
1554 2992 1841 3040 senariorum
1865 3006 2085 3038 numerus
2102 3006 2182 3037 su-

440 3056 664 3118 peratur.
730 3058 783 3104 ln
808 3059 1058 3113 Eunucho,
1092 3072 1138 3105 et
1165 3059 1714 3111 Heautontimorumeno,
1750 3058 1878 3103 item.
1944 3058 2007 3104 At
2039 3056 2091 3103 in·
2110 3058 2179 3102 A·

444 3121 642 3184 “delphis
667 3123 788 3186 pene
813 3140 873 3171 ex
897 3127 1154 3187 quadrante
1178 3125 1308 3188 longi
1342 3125 1403 3170 ab
1438 3123 1632 3170 senariis
1655 3124 1963 3170 exceduntur.
2029 3122 2181 3169 Phor-

457 3189 664 3235 mionem
702 3189 853 3251 potior
886 3191 1172 3237 senariorum
1199 3206 1416 3236 numerus
1440 3188 1644 3236 conficit.
1713 3189 1909 3251 Hecyra
1933 3187 2084 3235 laxior
2107 3185 2179 3233 fa-

457 3253 588 3307 bula,
623 3270 678 3301 ac
710 3253 966 3316 pedestrior
989 3266 1086 3302 est:
1127 3257 1284 3318 itaque
1317 3255 1526 3302 omnium
1561 3253 1967 3308 Terentianarum‚
2002 3251 2059 3300 ad
2085 3268 2184 3300 ser-

458 3335 651 3366 monem
673 3319 996 3382 quotidianum
1021 3320 1164 3381 quam
1190 3319 1403 3383 proxime
1427 3318 1641 3367 accedit:
1678 3330 1749 3366 est
1771 3329 1929 3365 tamen
1956 3319 2001 3365 in
2025 3316 2087 3364 ea
2107 3333 2182 3364 se-

457 3385 697 3431 nariorum
722 3385 826 3449 plus
848 3386 987 3432 tertia
1015 3397 1161 3442 parte.
1228 3389 1295 3432 At
1329 3383 1510 3439 contra,
1547 3384 1766 3431 Plautina
1797 3384 2098 3448 Amphitruo,
2133 3394 2183 3430 et

404 3463 408 3467 ’
458 3448 667 3503 RudenS,
695 3451 772 3497 vix
794 3460 916 3498 totus
930 3451 1167 3515 quadrans
1191 3446 1642 3513 expletur'senariiS.
1686 3450 1921 3503 Asinaria,
1938 3448 2178 3514 Epidicus,

455 3523 599 3575 ‘quam
621 3525 863 3578 tantopere
883 3517 981 3578 ipse
1000 3526 1133 3562 autor
1153 3516 1328 3570 laudat,
1354 3516 1665 3569 Mostellaria,
1694 3514 2004 3569 Menaechmi,
2023 3513 2181 3578 Miles,

460 3579 718 3637 Mercator,
758 3582 1031 3638 PseudoluS,
1070 3581 1332 3637 Aulularia,
1378 3581 1567 3637 Casina,
1606 3581 1853 3647 Gurgulio,
1900 3576 2179 3632 Bacchides,

2318 1797 2340 1837 θλ
