2340 3964
804 102 1296 174 TERENTIANA.

602 211 630 231 D
1022 212 1028 228 ⁸
1551 239 1554 241 ,

263 251 530 302 Praesertim
548 251 661 300 cum
684 258 951 314 anapaestus
975 266 1073 298 esse
1102 249 1309 314 potuerit
1326 248 1380 312 tin,
1411 249 1567 313 primo
1588 248 1723 314 pede.
1787 250 1918 300 Nam

197 321 349 374 annis,
371 317 574 382 primam
595 317 791 378 corripit
812 315 1010 376 naturfiq
1048 316 1244 364 ductum
1277 316 1406 363 enim
1439 326 1510 363 est
1530 313 1659 382 παραὶ
1687 313 1740 365 τὸ
1772 313 1915 382 ὁμῶς.

199 383 491 444 Universitas
511 384 638 430 enim
654 381 708 428 fit
729 398 790 429 ex
812 379 967 428 rerum
989 381 1336 443 conjunctione.
1387 380 1473 427 Est
1486 384 1615 428 enim
1632 382 1916 438 universum,

198 458 337 504 extra
355 448 479 512 quod
502 447 622 496 nihil
653 456 739 494 est.
805 446 972 510 Neque
1011 447 1114 495 illas
1151 455 1333 498 mutam
1365 461 1423 493 ac
1456 446 1679 511 liquidam
1713 448 1919 511 potuisse

199 509 370 578 cogere
386 513 629 578 syllabam
665 513 722 559 ad
751 512 1119 574 producendum,
1148 522 1198 567 et
1234 512 1366 573 pueri
1389 512 1558 568 sciunt,
1582 522 1631 560 et
1653 512 1919 561 Priscianus

197 576 340 626 docet
361 595 423 626 ex
447 578 731 625 Callimachi
761 594 914 625 versu.
981 576 1139 637 Major
1172 574 1285 622 vero
1315 575 1568 624 difficultas
1609 579 1834 639 objicitur
1866 580 1920 627 in

199 644 392 692 nomine
417 645 523 702 hoc,
547 647 754 707 voluptas
769 661 783 687 :
817 658 880 690 ex
902 658 995 707 quo
1028 642 1108 688 ille
1132 641 1350 688 vocalem
1381 642 1588 690 mediam
1612 642 1921 694 auferendam

200 719 378 764 censet,
397 725 456 756 eo
478 726 615 757 versu
639 709 864 757 Andriae:
1818 755 1822 760 ,
1852 766 1856 767 ⁷

331 775 458 823 Qubd
477 777 725 837 voluptates·
738 784 888 821 eorum
899 773 1102 834 propriae
1119 781 1232 826 sunt,
1256 787 1359 818 nam
1379 771 1492 818 milei
1513 773 1843 822 immortalitas.

263 833 496 888 Nonnihil
513 839 627 888 vero
644 850 730 894 est,
751 839 792 887 si
806 838 867 885 sit
882 839 948 885 ita
965 834 1394 900 pronunciandum,
1417 837 1601 899 Folplas
1617 857 1630 884 :
1654 839 1772 886 nihil
1792 842 1920 890 enim

199 903 630 955 adrTheutonicum
654 919 818 952 sonum
853 902 1082 950 accedere
1118 911 1276 965 potest
1310 901 1529 964 propius:
1567 913 1708 967 atque
1742 906 1833 952 hoc
1866 917 1922 954 ut

198 971 533 1036 effugeremus,
573 979 658 1018 aut
683 969 1073 1016 constitueremus
1109 967 1337 1015 creticum
1374 969 1423 1013 in
1455 967 1625 1029 primzi,
1662 978 1743 1017 aut
1775 971 1922 1020 etiarn

202 1029 513 1100 anapaestum.
574 1036 809 1097 Correpta
829 1036 958 1082 enim
979 1032 1250 1093 conjunctio
1272 1042 1343 1079 est
1365 1033 1495 1088 alibi,
1521 1035 1596 1080 vel
1619 1035 1802 1095 judicio
1823 1037 1920 1083 illi-

203 1118 279 1150 us:
314 1118 459 1167 quare
483 1099 564 1149 hic
595 1115 782 1165 quoque
813 1108 948 1147 esset.
1017 1102 1084 1144 At
1107 1097 1284 1145 frustra
1308 1097 1494 1145 viderer
1516 1098 1764 1148 laborare:
1799 1118 1920 1166 quo-

199 1167 330 1216 niam
354 1167 448 1215 duo
468 1182 627 1215 versus
647 1166 699 1212 in
719 1162 892 1212 Casina
913 1174 1037 1218 sunt,
1059 1163 1209 1210 nihilo
1231 1163 1370 1210 nobis
1393 1164 1723 1214 secundiores:

282 1290 286 1294 p
330 1232 437 1280 Sine
456 1231 551 1279 tuos
573 1232 734 1278 ocellos
754 1230 992 1284 deosculer,
1012 1230 1213 1291 voluptas
1231 1246 1342 1276 mea.

219 1327 226 1338 ‹
330 1298 457 1345 Quid
477 1297 702 1345 deosculer
724 1307 765 1345 te
780 1299 804 1343 3³
836 1311 932 1359 quae
952 1312 1020 1342 res
1035 1298 1059 1340 ,θ
1091 1312 1188 1358 quae
1201 1296 1417 1357 voluptas
1440 1311 1538 1342 mea
1555 1299 1581 1341 ‚2

264 1362 392 1419 Num
423 1362 530 1418 nisi,
557 1364 718 1425 volup,⁷
732 1362 878 1424 legas,
916 1370 997 1408 aut
1021 1360 1166 1407 facias
1195 1370 1507 1424 anapaestum,
1530 1359 1643 1408 sane
1666 1378 1833 1427 aspera
1851 1373 1924 1413 est

198 1428 542 1492 pronunciatio.
609 1425 715 1483 Sed,
741 1429 961 1489 voluptas,
985 1424 1075 1472 fuit
1098 1426 1362 1490 volupetas,
1386 1425 1415 1472 a
1435 1427 1545 1474 volo
1564 1435 1613 1473 et
1634 1431 1774 1490 pet03
1811 1446 1927 1494 quae.

198 1494 363 1542 omnia
384 1492 495 1542 cum
519 1493 613 1541 sint
631 1493 812 1547 brevia,
836 1508 931 1538 non
949 1490 1260 1539 immutarunt
1281 1502 1512 1539 naturam.
1567 1492 1696 1540 Nam
1718 1495 1785 1541 sic
1801 1512 1921 1559 quo—

201 1576 294 1622 que
326 1559 551 1621 corripias
584 1560 635 1605 in
666 1574 806 1605 versu
839 1572 903 1604 ex
939 1556 1489 1614 Heautontimorumeno,
1524 1557 1564 1604 si
1599 1558 1668 1605 ita
1692 1559 1830 1625 *legas
1860 1578 1923 1609 ex

202 1624 375 1672 Bembi
401 1623 594 1672 codice:
1246 1629 1255 1639 ⁴

332 1691 430 1737 Nec
449 1690 656 1747 miltifas
676 1705 762 1736 esse
779 1687 874 1734 ulld
894 1705 963 1735 me
983 1689 1210 1750 voluptate
1224 1687 1419 1746 hisftui.

267 1754 570 1816 Quamquam
591 1754 746 1802 codex
767 1754 863 1808 ille,
883 1754 944 1801 de
976 1769 1071 1815 quo
1093 1753 1178 1799 vir⁴
1198 1752 1493 1800 doctissimus
1515 1761 1656 1818 atque
1685 1756 1924 1806 sanctissi-

202 1815 309 1869 mus
329 1820 522 1868 metitur
545 1829 742 1874 nostros,
764 1819 870 1882 plus
895 1818 1062 1866 habuit
1082 1826 1195 1873 ‚tum
1229 1817 1354 1881 apud
1385 1834 1473 1865 nos
1506 1822 1823 1869 venerationis
1855 1823 1923 1871 ob

202 1894 500 1941 vetustatem,
524 1893 626 1932 tum
648 1885 772 1948 apud
808 1884 941 1931 illum
965 1883 1202 1949 opinionis
1222 1884 1279 1931 ad
1303 1884 1575 1941 novitatem,
1602 1887 1747 1949 quam
1770 1904 1926 1951 quan·

201 1950 304 1998 tum
327 1967 376 1999 re.
396 1950 499 2015 ipsa
522 1959 747 2014 praestare
770 1950 983 1997 valuerit.
1051 1949 1234 1996 Omitto
1266 1950 1394 1996 enim
1417 1965 1526 2013 quae
1548 1951 1608 1998 ad
1632 1953 1926 2015 privatarum

202 2032 374 2064 vocum
395 2017 635 2081 pertinent
656 2016 918 2063 rationem:
952 2030 1063 2061 nam
1087 2030 1173 2062 eas
1191 2014 1240 2061 in
1264 2014 1516 2079 Originum
1539 2016 1674 2065 libris
1702 2018 1791 2065 tibi
1811 2020 1926 2067 satis

202 2081 465 2145 explicatas
487 2091 616 2144 puto.
684 2083 751 2128 At
782 2079 908 2144 quod
937 2079 998 2128 ad
1036 2082 1255 2127 versuum
1279 2081 1487 2144 ipsorum
1510 2090 1686 2131 tractus
1722 2093 1922 2147 spectat,

203 2163 363 2210 operae
384 2149 588 2211 pretium
612 2155 685 2195 est
721 2145 1093 2195 animadvertere
1121 2146 1310 2202 multos
1334 2148 1414 2209 qui
1437 2162 1533 2195 non
1565 2158 1808 2198 constent:
1842 2166 1927 2198 ve-

203 2213 290 2261 luti
309 2211 343 2271 ὲ
364 2213 646 2261 Phormione
671 2213 822 2260 hunc:

337 2280 441 2331 92⁴ae
460 2283 502 2326 si
521 2291 620 2329 astu
640 2295 729 2327 non
740 2277 1045 2341 providentur,
1070 2289 1137 2324 mc
1159 2287 1239 2324 aut
1261 2277 1410 2325 lterum
1422 2278 1773 2341 pessundabant.
1799 2279 1801 2281 ’

267 2343 342 2392 Ita
361 2343 470 2391 dico
491 2342 617 2408 apud
645 2345 786 2391 hosce
808 2344 890 2407 qui
912 2342 1142 2390 creticum
1165 2343 1405 2407 recipiunt
1426 2344 1635 2393 nullum:
1670 2345 1721 2392 in
1743 2353 1928 2395 nostra-

204 2409 331 2458 tibus
354 2417 511 2456 autem
533 2409 721 2462 mollius
740 2409 916 2473 legitur
938 2409 1004 2456 sic
1024 2425 1037 2456 :
1884 2417 1888 2420 ’

339 2476 445 2522 Ωιιαε
464 2477 506 2520 si
525 2491 615 2522 non
633 2473 737 2522 astu
753 2474 1068 2539 providentur.

269 2540 368 2589 Ubi
385 2541 656 2588 octonarius
678 2553 762 2588 est.
795 2542 916 2588 Item
940 2555 1002 2586 ex
1026 2538 1566 2590 Heautontimorumeno
1590 2542 1658 2590 sic
1678 2541 1832 2606 legit:

335 2603 520 2670 Pergin’
540 2606 696 2652 mulier
715 2606 874 2653 odiosa
893 2621 980 2652 esse
998 2608 1021 2651 ,Ρ
1052 2605 1271 2653 nullamne
1291 2622 1372 2670 ego
1393 2623 1484 2654 rem
1505 2610 1553 2655 in
1570 2609 1668 2656 vita*
1684 2609 1796 2655 med.

270 2671 340 2719 At
361 2671 409 2717 in
434 2671 608 2718 nostris
629 2671 697 2718 sic
719 2670 892 2734 legitur
910 2687 923 2717 :

345 2738 503 2784 Venire
522 2740 570 2784 in
591 2747 785 2792 mentem,
803 2738 865 2781 mi
887 2737 957 2782 vir
973 2754 988 2781 .·
1024 2733 1081 2781 olz
1094 2733 1271 2797 per-gin'
1291 2736 1451 2783 mulier·
1466 2753 1554 2783 esse
1567 2739 1594 2783 ,θ
1613 2739 1806 2787 ulldmne
1832 2756 1926 2803 ego.

271 2803 370 2851 Ubi
387 2801 532 2857 vides,
558 2801 596 2847 si
621 2800 765 2848 addas
788 2801 948 2847 omnia
970 2799 1052 2846 illa
1069 2800 1227 2854 verba,
1246 2817 1357 2864 quae
1379 2802 1652 2863 praecedunt
1669 2805 1932 2868 exprobra·

207 2868 388 2916 tionem
413 2868 551 2922 senis,
569 2883 726 2914 versus
750 2866 833 2914 fiat
849 2866 999 2914 stadio
1019 2864 1235 2927 longior:
1263 2875 1311 2913 at
1333 2867 1403 2913 illi
1425 2869 1654 2916 octonarii
1677 2880 1798 2918 sunt.
1832 2869 1930 2929 Ve-

204 2935 316 2985 rum
337 2935 470 2997 lepor
490 2949 676 2996 quoque
700 2933 748 2979 in
769 2932 928 2980 verbis
952 2941 1022 2978 est
1042 2929 1149 2984 inis,
1191 2930 1258 2977 ola
1287 2931 1463 2996 pergin?
1487 2935 1648 2981 mulier
1675 2952 1788 2983 esse.-
1823 2935 1931 2998 plus

209 3001 336 3050 enim
366 3010 436 3046 est
470 3015 571 3050 esse
609 2999 871 3054 mulierem,
903 2997 1050 3063 quaim
1083 2995 1311 3045 odiosam.
1378 2998 1436 3045 In
1474 2995 1621 3047 altero
1659 3010 1821 3049 autem
1856 3017 1930 3048 se-

211 3075 388 3130 quente
406 3082 427 3115 2,

406 3207 526 3248 trata
546 3202 568 3243 ‚P
1805 3250 1809 3253 ,

211 3259 412 3308 Videtur
435 3262 621 3324 syllaba
647 3259 937 3308 redundare:
974 3259 1054 3307 sed
1075 3259 1134 3306 nn*
1158 3259 1459 3324 pronuncies,
1483 3277 1581 3310 non
1614 3262 1724 3310 mihi
1740 3281 1757 3308 .-
1790 3262 1934 3310 Bem-

213 3325 304 3376 bus
329 3336 485 3378 autem
511 3326 731 3390 itaklegit,
755 3336 805 3373 ut
830 3342 922 3372 una
944 3325 1119 3382 defiat3
1155 3326 1238 3379 sic,
1780 3374 1781 3377 ,
1920 3323 1930 3338 ⁸

352 3391 483 3438 Volui
498 3410 512 3443 ‚·
549 3394 653 3455 quin
676 3402 720 3436 m
740 3393 788 3438 in
809 3391 862 3437 εά
884 3392 1157 3448 ἰιιέΙιί]“ιιειί’”3
1178 3390 1480 3448 adversatrix,
1685 3447 1689 3450 ⁴
1763 3424 1773 3451 .Ι

479 3458 683 3503 Sostrata
698 3459 722 3501 ἓ
1252 3460 1256 3463 ’
1782 3477 1799 3508 ς

252 3571 255 3577 ,
282 3521 591 3569 Locutioucxn
615 3537 802 3588 quoque
838 3537 932 3567 non
967 3520 1131 3568 leviter
1154 3531 1464 3586 pertranseas,
1518 3521 1618 3582 ⁴Ille
1653 3522 1779 3571 enim
1803 3523 1934 3578 dicit,

213 3585 454 3637 nullamne
481 3602 578 3634 rem
599 3585 722 3633 volui
742 3588 756 3632 ?
783 3585 895 3633 sune
916 3586 1174 3633 tolerabilis
1197 3603 1364 3643 sermo,
1391 3603 1500 3636 cum
1518 3588 1664 3637 verbo
1690 3589 1799 3647 hoc,
1817 3591 1931 3638 volo.

339 3131 450 3178 Rem
470 3147 664 3195 unquam
688 3131 829 3184 volui,
860 3131 966 3193 quin
999 3139 1046 3175 tu
1073 3130 1121 3176 in
1142 3127 1197 3175 εᾶ
1217 3129 1329 3177 mihi
1349 3129 1807 3190 advorsatrixfiaeeris,
1831 3131 1936 3180 Sos-

2054 94 2245 166 limxvii
