2340 3964
86 132 151 168 XC

1015 109 1572 168 PROIAEGOMENA

427 255 716 311 laborarent,
747 256 930 304 omissis
963 256 1204 310 aerumn'is,
1236 273 1347 329 quae
1380 259 1498 323 ipsis
1534 261 1582 308 in
1615 261 1914 323 antiquorum
1945 257 2152 306 lectione

425 322 592 369 multae
613 320 906 385 exequendae
928 329 1078 376 erant,
1102 322 1438 385 compendium
1456 326 1585 374 nacti
1605 341 1768 373 eorum
1792 341 1900 390 quae
1924 324 2175 372 Erasmus.

425 386 478 433 in
499 404 646 434 unum
671 386 916 448 coegisset,
938 384 982 432 ei
1003 385 1064 432 de
1081 386 1305 434 omnibus
1323 387 1470 438 fidem
1490 391 1556 438 ita
1570 391 1802 446 habuere,
1819 400 1872 439 ut
1893 391 2037 438 etiam
2060 405 2147 436 ex-
2167 404 2173 412 ·

425 452 636 505 tentibus
657 451 917 513 priscorum
938 452 1272 507 monumentis,
1295 451 1421 500 unde
1439 452 1519 503 ille
1534 457 1608 503 vel
1627 455 1881 520 aliquando
1903 467 1996 503 n‘on
2021 453 2154 502 bona
2173 467 2178 473 ’

426 515 522 563 fide
542 515 816 578 accepisset,
838 515 1021 563 Erasmi
1035 532 1208 564 nomen
1231 533 1327 564 non
1346 517 1434 580 pro
1447 527 1584 576 teste,
1598 520 1680 568 sed
1697 537 1782 584 pro
1791 520 1968 582 judice,
1985 520 2149 575 citent,

426 589 570 643 atque
603 580 745 627 alieni
786 581 960 629 laboris
993 597 1090 629 non
1131 583 1261 644 quasi
1302 582 1658 637 beneficiarium
1701 585 1881 645 saciant
1922 594 2149 633 autorem.

425 645 586 694 Quare
606 646 746 694 vobis
765 646 1107 709 omnibusxejus
1130 647 1336 695 nominis
1356 648 1589 705 studiosis,
1607 650 1726 698 inter
1741 667 1858 715 quos
1870 667 1952 699 me
1965 665 2152 715 quoque

425 710 538 756 sane
562 727 664 757 esse
686 727 783 759 non
806 712 970 768 nolim,
993 712 1241 760 commode
1275 713 1565 779 ostendimus
1585 722 1730 779 atque
1748 715 2013 782 opportune
2037 715 2148 780 quid

427 776 654 840 cujusque
669 776 837 838 judicii
863 778 1192 842 sequeremini.
1263 777 1405 827 Quod
1423 779 1462 826 si
1479 780 1605 844 quiS,
1619 790 1677 827 ut
1693 788 1765 828 est
1785 781 2026 846 ingenium
2049 781 2153 844 qui·

425 841 625 888 busdam
649 843 906 892 barbarum
924 860 981 891 ac
1002 843 1170 899 ferum,
1195 844 1482 909 pertinacius
1497 845 1727 909 negligat,
1742 844 1996 911 foveatque
2018 847 2153 910 igna·
2181 894 2186 899 ,

424 907 553 955 viam
580 920 748 959 suam:
787 917 835 958 te
869 909 1036 958 saltem
1070 910 1331 961 habeamus
1362 912 1424 958 ab
1461 911 1701 960 erroribus
1730 911 1961 973 ejusmodi
1990 926 2154 977 segre·

427 981 610 1039 gatum.
1420 992 1425 999 ’

848 1066 877 1075 ²
934 1102 1272 1167 PETRUS
1317 1082 1666 1189 B‘EMBUS

739 1265 853 1316 DE
905 1266 1374 1316 TERENTII
1430 1206 1848 1322 F‘ABULIS

770 1394 1090 1461 Colloquuntur
1112 1394 1406 1445 Pomponius
1427 1408 1470 1445 et
1492 1396 1848 1453 Hannonauss,
1900 1406 1901 1409 ’

493 1501 654 1552 Pom.
721 1502 820 1550 Esr
864 1504 966 1564 jam
1001 1507 1206 1567 tempuS,
1238 1513 1293 1551 ut
1331 1513 1384 1552 tu
1416 1504 1533 1552 mihi
1566 1504 1682 1552 item
1719 1504 1888 1552 afferas
1919 1504 2098 1570 ,aliquid
2132 1507 2163 1554 ὲ

429 1569 640 1617 Terentii
664 1569 811 1616 nostri
836 1566 1024 1624 sabuli&
1060 1569 1462 1633 quemadmodum
1485 1569 1701 1632 recepisti
1725 1578 1772 1616 te
1795 1570 2045 1627 facturum,
2067 1570 2164 1634 qud

429 1633 511 1682 hic
535 1635 680 1683 etiam
703 1633 948 1690 Phaedrus,
974 1635 1052 1699 qui
1076 1633 1133 1682 ea
1159 1635 1364 1682 lectione
1397 1635 1659 1699 plurimum
1692 1635 1969 1692 delectatur,
1998 1632 2166 1684 habet·

432 1716 524 1764 que
547 1716 655 1748 eum
681 1699 857 1747 librum
880 1699 982 1748 fere
1017 1717 1204 1765 semper
1226 1701 1272 1747 in
1306 1701 1541 1755 manibus,
1576 1717 1676 1748 sese
1713 1712 1887 1764 augeat
1920 1702 2085 1766 probis
2116 1713 2186 1749 et·

432 1766 717 1829 incorruptis
751 1766 882 1815 locis.
950 1766 1076 1814 Nam
1111 1777 1157 1814 te
1191 1767 1366 1814 librum
1392 1766 1612 1814 habuisse
1635 1766 1969 1814 Terentianum
1993 1768 2163 1833 perve-

433 1840 611 1879 tustum
635 1831 891 1893 majoribus
912 1832 1141 1895 scriptum
1166 1832 1326 1897 literis,
1351 1831 1406 1878 iis
1431 1847 1546 1895 quas
1566 1831 1676 1879 vere
1713 1833 1929 1896 antiquas
1948 1832 2187 1888 dicimus,‘

434 1912 567 1959 saepe
589 1896 762 1944 audivi.
831 1897 997 1945 Hem.
1033 1898 1124 1947 Est
1141 1897 1262 1945 istud
1299 1896 1492 1961 quidem
1515 1913 1693 1951 verum,
1717 1900 1842 1961 quod
1866 1897 1986 1945 dicis
2006 1913 2034 1946 t·
2054 1914 2167 1946 nam
2187 1912 2189 1915 ·

435 1972 486 2011 et
507 1962 653 2010 habui
669 1978 780 2009 eum
802 1962 992 2019 librum,
1019 1971 1068 2010 et
1088 1963 1199 2027 legi,
1223 1972 1272 2010 et
1287 1963 1446 2010 notavi
1466 1963 1632 2017 multa,
1649 1979 1755 2026 quae
1770 1962 2007 2012 delectare
2020 1962 2165 2011 Phae-

438 2027 586 2079 drum
601 2037 855 2091 poterunt:
892 2029 930 2075 si
954 2027 1141 2092 quidem
1166 2037 1252 2084 est,
1284 2037 1338 2076 ut
1360 2026 1494 2083 dicis,
1519 2028 1568 2075 in
1591 2028 1796 2093 legendo
1819 2028 1902 2075 illo
1924 2028 2166 2091 plurimuS.

440 2093 727 2157 Quanquam
767 2093 878 2158 quid
913 2094 1140 2158 prohibet
1172 2110 1258 2141 nos
1299 2093 1457 2150 etiam,
1483 2094 1731 2158 Pomponi,
1763 2094 1864 2155 ejus
1901 2098 2058 2158 poetae
2091 2096 2167 2142 vel

439 2159 649 2208 candore
667 2158 999 2223 elegantiaque
1014 2160 1259 2214 sermonis,
1277 2160 1351 2206 vel
1370 2159 1549 2224 pudore
1568 2159 1893 2224 gravitateque
1911 2160 2168 2207 delectari?

440 2225 614 2288 quibus
636 2225 806 2273 Cicero
825 2224 923 2288 ipse
948 2234 1045 2272 tam
1070 2234 1142 2273 est
1164 2224 1439 2282 delectatus,
1459 2235 1513 2273 ut
1533 2240 1630 2273 non
1653 2241 1808 2288 pauca
1825 2225 1936 2273 inde
1958 2241 2171 2290 sumpse-

438 2291 519 2346 rit,
541 2288 921 2353 transtuleritque
943 2291 991 2338 in
1016 2308 1102 2338 sua
1123 2291 1300 2354 scripta
1321 2307 1416 2340 non
1439 2290 1598 2339 mimis
1622 2291 1840 2346 libenter,
1863 2291 2008 2354 quam
2026 2293 2171 2340 etiam

442 2355 712 2414 ambitiose,
736 2367 789 2404 ut
806 2357 924 2404 mihi
947 2356 1139 2420 quidem
1162 2357 1360 2405 videtur.
1429 2356 1519 2404 Sed
1555 2355 1719 2422 geram
1751 2357 1839 2404 tibi
1865 2373 2060 2410 morem,
2094 2373 2171 2404 re-

442 2420 692 2485 feramque
706 2421 976 2486 -nonplane
1003 2423 1171 2470 ‘omnia
1203 2439 1310 2486 quae
1345 2422 1540 2486 antiquo
1570 2423 1621 2470 in
1654 2423 1776 2470 libro
1808 2423 1959 2486 probe
1997 2422 2174 2487 scripta

443 2488 755 2536 animadverti
789 2503 906 2543 esse,
928 2497 1035 2535 sunt
1065 2488 1194 2536 enim
1228 2487 1377 2552 prope
1412 2489 1807 2548 innumerabilia3
1842 2487 1924 2535 sed
1957 2503 2032 2544 ea,
2065 2503 2199 2552 qua<

443 2547 723 2615 meminero.
787 2553 956 2617 Itaque
979 2553 1185 2607 attende,
1219 2569 1334 2601 num
1366 2555 1455 2602 hoc
1493 2553 1673 2618 aliquid
1711 2555 1786 2610 sit,
1810 2552 1937 2618 quod
1966 2554 2174 2617 primum

444 2619 566 2666 mihi
590 2619 639 2667 in
657 2628 868 2673 mentem
893 2619 1034 2667 venit.
1083 2619 1209 2668 Nam
1233 2635 1341 2684 quae
1364 2620 1587 2685 leguntur
1609 2621 1890 2685 argumenta
1906 2619 2190 2668 fabularum·

444 2682 496 2732 in
520 2684 818 2733 Terentianis
842 2686 988 2741 libris,
1012 2701 1068 2732 ea
1089 2684 1301 2732 Terentii
1323 2702 1419 2734 non
1444 2695 1581 2734 sunt:
2028 2701 2032 2706 ’

579 2749 786 2798 Sororem
793 2751 922 2810 saLsd
946 2750 1164 2799 creditam
1185 2752 1473 2800 meretricula:
1787 2788 1789 2793 ,

582 2816 754 2864 Generc
771 2816 974 2874 Andrioe,
1006 2817 1259 2879 Glycerium
1281 2819 1419 2864 vitiat
1443 2817 1717 2881 Pamphilus.
1783 2817 2031 2879 Itemque:

581 2881 787 2930 Sororem
794 2883 926 2942 falsd
950 2883 1211 2931 dic-citatam
1239 2882 1445 2935 Thaidis,

581 2949 644 2996 Id
668 2950 813 3011 ipsum
828 2951 1039 3013 ignoraus
1061 2949 1186 2995 miles
1208 2949 1397 2996 abduxit
1425 2947 1607 2994 Thraso,
1659 2946 1740 2994 ‘Et
1761 2946 1942 3009 reliqua
1957 2961 2070 3010 'quae
2088 2946 2174 2994 ha-

446 3014 618 3061 bentur
655 3013 925 3061 fabularum
958 3013 1243 3077 reliquarum
1278 3022 1571 3076 argumenta,
1610 3027 1667 3059 ea
1698 3011 1807 3060 dico
1837 3011 2044 3065 Terentii
2079 3028 2176 3059 non

450 3096 568 3128 esse.
633 3077 791 3135 Rom.
826 3078 962 3126 Tune
984 3078 1079 3127 >hoc
1103 3078 1239 3133 dicis,
1271 3078 1543 3142 Hermolae,
1565 3077 1842 3124 Terentium
1874 3080 2063 3142 poetam
2097 3093 2172 3125 ar-

449 3153 679 3208 gumenta
699 3144 779 3191 illa
795 3160 890 3191 non
912 3145 1181 3208 scripsisse?
1219 3141 1547 3192 [imm-Verri.
1580 3142 1739 3191 Potur.
1764 3143 1932 3206 Neque
1968 3143 2099 3191 illum
2121 3159 2177 3191 ea

448 3209 798 3272 composuisse?
835 3209 1000 3259 HERM.
1034 3210 1087 3258 Id
1110 3211 1283 3273 ipsum.
1350 3206 1687 3270 Pomacujus
1709 3218 1866 3256 autem
1885 3209 2028 3255 sunt?
2064 3224 2177 3256 nam

448 3285 496 3324 te
521 3284 649 3338 puto·
669 3274 715 3322 id
748 3275 886 3328 scire,
923 3276 1002 3338 qui
1036 3277 1155 3323 scias
1187 3275 1401 3323 Terentii
1433 3290 1530 3322 non
1565 3290 1680 3321 esse.
1739 3273 1912 3320 ‘Heium
1946 3274 2065 3321 Sunt
2098 3275 2180 3321 ina

449 3340 646 3404 quidem.
674 3339 727 3388 C.
762 3340 950 3404 Sulpitii
986 3340 1293 3404 Apollinaris,
1340 3342 1438 3401 ejus
1480 3356 1620 3402 quem
1666 3354 1796 3402 saepe
1830 3341 1947 3387 citat
1979 3339 2176 3394 Gellius,

449 3407 578 3455 docti
613 3415 662 3453 et
694 3405 866 3455 eruditi
899 3406 1005 3462 viri,
1040 3406 1213 3469 quique
1255 3405 1571 3465 Pertinacem,
1601 3407 1940 3468 Imperatorem
1988 3405 2178 3453 Latinas

449 3472 612 3529 litera's
644 3471 821 3526 docuit.
889 3470 1016 3519 Nam
1051 3473 1099 3519 in
1134 3488 1193 3518 eo
1225 3482 1410 3519 vetusto
1444 3470 1580 3524 libro,
1613 3486 1754 3533 quem
1789 3470 1907 3525 dixi,
1934 3472 1970 3517 is
2003 3481 2175 3518 est-eo,-

451 3553 555 3585 rum
610 3545 1000 3603 argumentorum
1051 3537 1236 3586 titulus:
1307 3536 1362 3586 C.
1392 3589 1394 3591 ,
1419 3535 1642 3584 ὃυιιητιι
1697 3537 2028 3586 ΑΡοιιιΝΑκιε
2084 3534 2175 3582 P:-
