2314 3944
1125 119 1220 167 193
1254 151 1258 154 -

538 421 943 494 ACTUS
999 380 1127 523 vg
1177 380 1582 490 '‘SCENA
1629 420 1757 489 IV.

938 551 956 626 Ᾰ
1019 592 1297 667 DEMEA.

139 746 203 803 N
202 749 537 811 UNQUAM
549 754 624 806 ita
650 753 909 824 quisquam
946 754 1065 806 bene
1095 749 1340 806 subductd
1361 751 1554 804 ratione

197 858 204 864 -
254 876 258 880 ,
279 823 350 874 ad
370 824 526 876 vitam
534 825 663 890 fuit,

139 892 273 952 Quin
295 911 389 957 reS,
414 903 550 959 aetcw,
574 913 708 956 usus,
731 913 920 963 semper
937 895 1130 966 aliquid
1153 902 1380 963 apportet
1402 895 1530 958 novi,

134 963 343 1034 Aliquid
361 974 572 1031 moneat,
586 974 643 1017 ut
660 967 764 1031 illa,
781 983 892 1035 quae
912 974 960 1018 te
972 967 1098 1018 scire
1115 967 1305 1030 credaS,
1324 967 1515 1017 nescias
1530 985 1548 1028 ,-

131 1033 224 1096 Et,
234 1052 342 1102 quae
357 1035 448 1100 tibi
458 1038 652 1104 putdrz's
659 1039 843 1104 prima,
859 1038 911 1088 in
919 1037 1217 1104 experiundo
1232 1044 1291 1088 ut
1302 1037 1548 1105 repudies,

134 1102 288 1159 Quod
330 1107 404 1157 mi
441 1107 606 1158 evenit
641 1115 810 1159 nunc:
866 1125 985 1158 nam
1025 1124 1120 1180 ego
1158 1107 1313 1160 vitam
1353 1109 1547 1169 duram,

275 1194 425 1246 qtiam
448 1175 548 1228 vixi
571 1195 728 1246 usque
751 1177 930 1241 adhuc,
1513 1184 1543 1228 5

130 1242 291 1316 Prope
317 1245 428 1315 jam
465 1247 670 1299 decurso
707 1247 878 1318 spatio
901 1248 1063 1301 mitte.
1103 1247 1156 1300 id
1179 1249 1544 1318 quamobrem?

270 1316 431 1384 reipsa
453 1318 664 1387 repperi,
1476 1319 1547 1386 [id

127 1385 398 1438 Facilitate
405 1388 536 1446 ‚nihil
557 1405 662 1440 esse
679 1389 862 1458 homini
879 1391 1069 1455 meliuS,
1086 1407 1240 1459 neque
1254 1387 1511 1442 clementia
1524 1410 1540 1442 .·

127 1455 252 1508 Esse
274 1475 464 1522 verum,
489 1478 551 1511 ex
575 1477 674 1525 me,
699 1472 846 1530 atque
870 1479 933 1513 ex
956 1462 1102 1513 fratre
1127 1461 1283 1512 cuivis
1308 1461 1455 1523 facile
1475 1471 1548 1514 est

269 1545 490 1596 noscere.
1037 1575 1039 1578 ,

126 1599 296 1654 Vitam
318 1600 403 1652 ille
428 1617 571 1651 suam
596 1615 793 1671 semper
815 1601 918 1671 egit
942 1601 995 1653 in
1019 1602 1137 1667 etin,
1161 1602 1215 1654 in
1242 1602 1482 1667 conviviis
1507 1622 1517 1655 :
1544 1668 1554 1673 .

127 1672 384 1734 ClemenS,
407 1671 648 1739 placiduS,
679 1672 807 1724 nulli
832 1673 1011 1725 laedere
1035 1691 1105 1738 OS,
1130 1672 1343 1726 arridere
1376 1675 1544 1726 omni-

267 1743 389 1794 bus:
1478 1750 1541 1796 10

126 1814 234 1866 Sibi
258 1812 416 1865 vixit:
443 1813 537 1866 sibi
560 1822 818 1883 sumptum
840 1814 990 1867 fecit:
1026 1831 1203 1869 omnes
1215 1815 1540 1880 benedicunt,

263 1893 450 1935 amant.
766 1915 769 1920 -
947 1935 953 1940 ,
1131 1892 1134 1896 ’
1282 1940 1285 1946 ,

122 1954 239 2024 Ego
273 1955 360 2006 ille
397 1954 616 2022 agrestiS,
647 1973 824 2020 saevu3,
863 1954 1029 2020 tristiS,
1062 1973 1260 2029 parcuS,
1282 1957 1538 2008 truculen-

264 2033 361 2089 tuS,
384 2034 551 2090 tenax,
1175 2083 1179 2086 ⁴
1330 2072 1333 2077 .

122 2095 267 2147 Duxi
284 2113 521 2148 uxorem:
558 2114 707 2165 quam
735 2097 805 2148 ibi
829 2097 1079 2148 miseriam
1098 2095 1199 2154 vidi
1220 2099 1237 2148 ?
1277 2096 1382 2148 nati
1395 2096 1514 2161 filii,

121 2165 237 2217 Alia
258 2183 406 2218 cura:
443 2168 588 2236 porro
610 2180 797 2232 autem,
817 2168 915 2219 illis
940 2169 1062 2220 dum
1086 2169 1259 2220 studeo
1282 2179 1335 2219 ut
1351 2186 1536 2238 ,quam-

180 2264 190 2271 -
259 2236 533 2304 plurimum
1131 2306 1135 2309 ι
1279 2291 1282 2295 ,
1332 2306 1334 2309 v
1362 2307 1364 2310 v

119 2306 376 2372 Facerem,
401 2308 610 2360 contrivi
643 2309 697 2361 in
733 2310 1004 2379 quaerendo
1038 2309 1214 2376 vitam,
1245 2318 1392 2379 atque
1418 2320 1536 2360 aeta-

258 2386 362 2429 tem
387 2397 551 2431 meam
575 2401 589 2434 :
1474 2385 1534 2431 15

49 2471 52 2473 ’
117 2447 272 2500 Nunc
296 2452 470 2501 exacta
492 2458 637 2502 aetate
660 2450 759 2503 hoc
782 2451 931 2502 fructi
955 2469 1046 2520 pro
1064 2452 1232 2502 labore
1248 2451 1311 2500 ab
1337 2449 1534 2519 ivissem,

119 2518 329 2571 Odium.
367 2520 454 2572 ille
489 2523 614 2573 alter
643 2521 751 2574 sine
789 2523 955 2576 labore
986 2522 1145 2592 patria
1180 2521 1369 2590 potitur
1393 2540 1532 2573 com-

259 2591 438 2645 moda:

115 2658 269 2712 Illum
309 2671 496 2728 amant,
539 2680 622 2715 me
662 2664 879 2732 fugitant
900 2682 912 2715 ι
960 2662 1037 2729 ini
1076 2661 1300 2728 credunt,
1326 2658 1531 2724 cd'nsilia

257 2747 461 2786 omma:
1049 2770 1057 2777 -

113 2800 267 2853 Illum
303 2802 519 2872 diligunt
540 2825 552 2858 ε
589 2804 723 2875 apud
763 2804 909 2856 illum
948 2813 1064 2855 sunt

1086 2806 1277 2877 ambo:
1317 2820 1411 2874 ego
1442 2803 1529 2873 der

253 2874 401 2925 sertu'
425 2892 555 2929 sum.
1092 2889 1094 2891 ’
1192 2886 1194 2889 ’
1247 2881 1258 2886 ”

1657 750 1795 790 Nullus
1820 764 1982 803 unquam
2009 753 2061 792 sic
2086 753 2174 794 vitae

1603 805 1782 843 rationem
1808 806 1906 842 recte
1937 808 2175 857 computavit,

1603 858 1693 907 quin
1709 870 1826 895 rerum
1842 858 2063 905 occasiones,
2084 867 2175 897 aeta·

1602 910 1651 946 tis
1669 910 1761 957 dies,
1787 910 2012 960 experientia
2046 913 2081 949 ei
2106 911 2189 960 ali--

1601 963 1691 1012 quid
1730 963 1814 1000 novi
1854 961 1993 1008 afferat,
2029 972 2065 1001 et
2107 963 2177 1002 ali-

1601 1015 1688 1064 quid
1712 1015 1859 1061 doceat:
1888 1013 1978 1051 adeo
2002 1026 2044 1052 ut
2064 1016 2175 1054 intel·

1600 1066 1691 1118 ligat
1709 1079 1747 1104 se
1762 1066 1956 1104 nescivisse
1973 1069 2071 1113 ame,
2088 1081 2173 1118 quae

1601 1132 1639 1157 se
1668 1119 1799 1157 melius
1830 1119 1921 1156 scire
1951 1120 2171 1158 crediderat:

1599 1181 1636 1209 et
1656 1173 1748 1223 quin
1764 1184 1906 1221 eaquae
1929 1172 2074 1223 potiora
2099 1173 2173 1211 sibi

1599 1237 1677 1262 esse
1718 1225 1972 1270 aestimaverat,
2016 1233 2055 1262 et
2085 1235 2172 1263 ante

1598 1276 1668 1314 alia
1686 1276 1866 1328 eligenda,
1880 1277 1977 1314 inter
1994 1277 2173 1317 utendum

1598 1330 1748 1379 rejiciat.
1810 1326 1924 1370 Quod
1954 1327 2046 1367 mihi
2069 1343 2172 1368 nunc

1598 1381 1753 1419 accidit:
1805 1393 1891 1418 nam
1940 1391 2011 1432 ego
2057 1383 2172 1420 vitam

1598 1443 1795 1480 austeram,
1829 1446 1938 1483 quam
1983 1434 2028 1472 ad
2070 1433 2173 1474 hune

1598 1486 1696 1524 diem
1714 1498 1830 1536 usque
1858 1485 1958 1532 duxi,
1975 1487 2071 1537 pene
2091 1487 2170 1537 jam

1600 1537 1770 1576 confecto
1803 1539 1886 1575 vitae.
1918 1551 2038 1584 cursu,
2069 1552 2172 1578 nunc

1599 1589 1804 1641 relinquere
1817 1591 2005 1629 constitui.
2033 1590 2075 1629 Si
2088 1593 2172 1642 quis

1566 1670 1572 1674 -
1599 1657 1659 1682 me
1677 1652 1796 1694 roget,
1811 1641 1921 1680 Unde
1932 1644 2001 1681 ista
2016 1646 2176 1691 mutatio

1598 1696 1758 1734 nascitur
1788 1703 1862 1732 tam
1891 1695 2039 1734 subita?
2083 1697 2170 1735 inde

1596 1757 1667 1795 est,
1691 1747 1791 1798 quod
1813 1745 1907 1784 nihil
1932 1749 2016 1786 novi
2034 1749 2167 1787 melius

1594 1814 1673 1839 esse
1703 1799 1863 1845 homini,
1898 1800 2008 1850 quam
2039 1801 2170 1838 lenita-

1592 1862 1667 1891 tem
1704 1862 1753 1890 et·
1777 1853 1863 1890 beni
1893 1853 2058 1890 nitatem.
2121 1852 2168 1894 Id

1592 1919 1671 1943 esse
1692 1917 1828 1943 ,verum
1865 1866 1973 1942 {teile
2007 1906 2168 1955 quilibet

1591 1958 1805 2009 comperiet,
1832 1958 1895 2007 qui
1923 1958 2098 1996 instituta
2110 1958 2166 1996 di-

1590 2023 1692 2048 versa
1708 2011 1794 2047 vitae
1810 2022 1916 2055 meae,
1936 2020 1975 2048 et
1993 2011 2076 2048 vitae
2093 2010 2174 2049 fra-

1590 2063 1657 2100 tris
1672 2062 1927 2100 considerabit.
1965 2061 2002 2100 Is
2021 2076 2165 2116 semper

1590 2117 1700 2153 vitam
1732 2115 1891 2153 traduxit
1924 2114 1963 2152 in
1998 2117 2088 2162 otio,
2122 2125 2166 2154 et·

1590 2168 1780 2213 conviviis,
1834 2167 1949 2212 mitis,
2002 2168 2169 2215 sedatus,

1591 2219 1681 2257 nulli
1700 2221 1870 2271 praesenti
1884 2219 2065 2266 adversus,
2081 2234 2162 2258 om-

1543 2286 1545 2289 ’
1589 2272 1699 2310 nibus
1716 2271 1878 2323 placens,
1905 2281 1942 2309 et
1953 2273 2159 2321 jucundum

1589 2338 1628 2362 se
1659 2325 1854 2377 praebens:
1894 2326 1966 2362 sibi
1996 2339 2160 2364 commo-

1589 2377 1656 2414 dus
1685 2378 1789 2423 vixit,
1825 2385 1863 2415 et
1894 2378 1970 2415 suis
2002 2378 2161 2416 delecta·-

1588 2429 1965 2468 tionibus-inserviens
1982 2431 2160 2481 impensis

1587 2484 1823 2534 pecuniarum
1857 2496 1931 2519 non
1966 2485 2133 2533 pepercit
2145 2496 2166 2521 2·

1586 2548 1712 2573 omnes
1752 2537 1786 2572 ei
1820 2535 1914 2572 bene
1947 2544 2158 2585 precantur,

1583 2597 1809 2637 atquff›eum
1839 2587 2012 2637 diligunt.
2070 2587 2156 2640 Ego

1581 2641 1668 2677 verb
1691 2640 1752 2677 ille
1782 2640 1954 2685 rusticus,
1981 2639 2154 2688 crudelis,

1580 2693 1746 2737 tetricus,
1775 2692 1820 2729 ad
1839 2701 1929 2729 ‘rem
1965 2693 2154 2740 attentior,

1579 2754 1695 2791 atrox,
1714 2757 1851 2789 avarus,
1868 2757 2019 2782 uxorem
2039 2747 2152 2784 etiam

1575 2797 1684 2834 duxi:
1705 2811 1787 2847 quae
1802 2808 1875 2833 non
1894 2796 1978 2834 inde
1996 2798 2154 2836 miseriae

1531 2873 1542 2887 ,ι
1579 2858 1744 2900 sequutae
1773 2849 1886 2886 sunt?
1926 2847 2083 2888 Liberos
2106 2863 2153 2888 ex

1580 2902 1622 2938 ea
1639 2901 1796 2952 suscepi,
1826 2900 1904 2942 haec
1926 2911 1981 2939 est
1998 2904 2152 2941 materia

1578 2954 1649 2990 alia
1692 2953 1966 2991 solicitudinum
2012 2957 2146 2992 animi:

114 3004 202 3043 dum
219 3014 340 3044 autem
360 3006 431 3046 illis
457 3008 581 3053 laboro
599 3009 739 3062 ingenti
759 3008 881 3047 studio
898 3008 1039 3046 divitias
1056 3006 1229 3058 parando,
1254 3008 1384 3045 misere
1401 3007 1509 3045 vitam
1528 3015 1636 3056 atque
1654 3015 1799 3043 aetatem
1821 3008 2027 3056 consumpsi
2047 3020 2148 3056 quae-

112 3069 195 3094 rens
212 3071 300 3108 opes
317 3072 470 3111 augere:
499 3074 597 3099 nunc
615 3062 719 3100 finita
733 3071 860 3108 aetate,
886 3059 986 3098 hunc
1008 3059 1169 3097 fructum
1189 3059 1234 3096 ab
1253 3060 1296 3097 iis
1313 3059 1445 3106 refero,
1465 3071 1596 3109 nempe
1615 3058 1761 3096 odium:
1791 3058 1901 3096 frater
1927 3059 2011 3096 vero
2029 3057 2076 3096 M
2079 3061 2146 3096 itio

114 3109 193 3148 sine
211 3109 288 3147 ullo
301 3111 436 3158 labore,
456 3113 626 3150 omnibus
638 3116 778 3165 potitur
792 3113 1007 3156 commodis,
1026 3125 1110 3162 quae
1127 3120 1247 3162 patres
1265 3125 1308 3149 ex
1335 3111 1459 3150 liberis
1478 3113 1662 3162 percipere
1679 3121 1830 3161 possunt
1845 3124 1852 3146 :
1882 3103 1992 3147 Illum
2022 3123 2146 3148 amore

91 3172 399 3212 prosequuntur:
427 3176 487 3201 me
504 3175 733 3204 aversantur-2
762 3164 821 3204 Illi
839 3165 962 3203 omnia
980 3176 1044 3202 sua
1071 3173 1211 3200 secreta
1227 3166 1491 3202 committunt:
1522 3163 1625 3201 ilium
1649 3162 1768 3200 solum
1800 3160 1950 3201 charum
1980 3161 2143 3201 habent?

111 3214 210 3251 domi
225 3225 311 3253 cum
328 3227 373 3253 eo
386 3215 526 3267 degunt
542 3217 671 3256 ambo:
698 3231 768 3270 ego
782 3219 866 3256 vero
881 3217 978 3255 solus
992 3218 1073 3255 vivo
1088 3215 1292 3253 derelictus.

953 3387 1291 3460 ΑΝΝΟΤΑΤΙό.

369 3569 418 3601 16
444 3562 600 3615 Ἐπιφὶ]
630 3562 858 3615 Antiquam:
886 3561 976 3604 oiim
989 3563 1126 3615 quippe
1139 3563 1178 3601 in
1191 3561 1350 3604 secunda
1366 3559 1605 3600 declinatione
1623 3559 1878 3613 usurpabatux.
1920 3562 1924 3566 “

1591 3656 1594 3659 Δ
1626 3608 1659 3651 Y
