2340 3964
86 185 274 240 cxxxiv

1020 179 1578 237 PROLEGOMENA

430 327 611 391 Estque
632 328 742 376 haec
759 326 905 373 veluti
930 322 1097 379 στάσις
1115 323 1306 372 fabulae.
1338 325 1546 374 Consilia
1562 325 1734 382 omnia,
1754 325 1956 390 querelae
1973 332 2154 379 omna,

419 402 714 458 argumenta
735 391 896 437 omnia
918 391 1010 437 huc
1033 389 1284 438 referenda
1304 399 1426 437 sunt.
1490 392 1566 439 Et·
1587 388 1688 439 tota
1714 390 1881 440 fabula
1899 390 2065 438 similis
2086 399 2157 439 est
2175 436 2178 437 ⁷

433 458 630 507 orationi
668 458 854 521 generis
886 457 1102 506 suasorii..
1163 455 1287 502 Nam
1323 454 1454 502 varie
1487 456 1547 503 de
1577 457 1680 504 tota
1710 457 1855 505 causa
1888 456 2158 506 consultant

423 539 582 577 senes,
614 519 950 576 adolescenteS,
983 538 1046 577 ac·
1074 522 1211 569 servi.
1277 519 1368 568 Sed
1398 532 1450 567 ut
1482 531 1813 584 argumentum
1832 522 2030 588 ,propius
2052 536 2156 569 cer-

431 603 545 634 nere
566 597 742 651 queant
761 587 911 650 pueri,
935 586 1099 634 ordine
1122 579 1330 650 singulas
1350 584 1509 649 partes
1531 585 1811 646 referemus.-

508 713 516 726 ι
1057 665 1310 713 Periculum
1328 667 1539 727 protasia

496 729 617 777 Cum
639 740 820 779 amaret
837 729 1113 793 Pamphilus
1132 731 1429 795 Glycerium,
1451 731 1585 794 eique
1603 729 1747 779 fidem
1765 730 1968 779 dedisset
1982 730 2153 790 ‘ductu-

421 812 533 843 -rum
553 813 600 842 se
617 813 717 844 esse
733 812 948 852 uxorem,
968 805 1117 859 pater,
1137 798 1213 860 qui
1233 813 1390 844 amare
1407 797 1555 843 filium
1573 795 1880 859 compererat,
1904 797 2156 844 ‘consilium

430 863 560 925 capit
579 861 879 909 abstrahendi
899 862 998 922 ejus
1015 861 1044 909 a
1059 863 1302 926 Glycerio,
1321 863 1509 910 simulat
1522 879 1571 909 se
1590 878 1787 909 uxorem
1799 861 2032 918 daturum,
2048 877 2157 922 pos·-

428 929 587 990 citque
605 938 656 974 ut
672 944 731 974 ne
750 927 874 974 filius
895 927 939 974 id
961 938 1158 975 recuset.
1215 928 1261 975 Is
1284 927 1394 976 cum
1417 938 1465 975 et
1487 937 1670 991 patrem
1688 937 1942 982 vereretur,
1970 938 2017 972 et
2033 928 2157 989 Gly-

428 996 610 1040 cerium
625 993 840 1040 deserere
856 992 1020 1056 partim
1035 995 1162 1057 pium
1168 994 1421 1055 jndicaret‚
1434 993 1609 1057 pendet
1622 993 1783 1048 animi,
1799 1009 1887 1041 nec
1902 993 2049 1039 habet
2062 988 2157 1055 quo

428 1076 480 1106 se
498 1069 665 1122 vortat.
721 1059 796 1106 Ibi
816 1059 977 1106 Davus
995 1060 1264 1124 intelligens
1281 1059 1491 1107 simulari
1511 1075 1607 1106 rem
1633 1059 1662 1106 a
1682 1070 1830 1123 patre,
1852 1056 2052 1105 consulit
2070 1057 2156 1103 he-

429 1124 504 1172 rili
522 1123 635 1180 filio,
663 1133 715 1171 ut
731 1124 1016 1188 polliceatur
1036 1127 1177 1189 patri,
1195 1138 1250 1172 ‘se
1273 1126 1320 1173 in
1344 1129 1441 1188 ejus
1462 1133 1697 1189 potestate
1718 1125 1941 1178 futurum,
1959 1121 2159 1187 periculi

370 1202 373 1203 ’
429 1190 549 1237 nihil
584 1206 699 1245 esse,
735 1188 1120 1254 quandoquidem
1154 1192 1432 1238 simulentur
1463 1190 1674 1254 nuptiae3
1712 1190 1835 1237 filius
1870 1189 2160 1252 obsequitur,

429 1271 696 1320 quanquam
721 1255 849 1321 aegre
874 1256 1125 1321 pollicetur
1145 1258 1267 1322 patri
1292 1257 1544 1306 ducturum
1567 1273 1614 1304 se
1637 1273 1780 1320 quam
1805 1256 1961 1303 vellet.

488 1386 494 1391 ,
1188 1337 1404 1399 Ερίιαεὶε.

495 1398 682 1452 Interea
701 1401 940 1465 spargitur
959 1400 1019 1450 de
1041 1401 1276 1466 Pamphili
1299 1403 1478 1466 nuptiis
1502 1418 1673 1457 rumor,
1707 1401 1964 1450 resciscunt
1983 1407 2032 1449 et
2054 1417 2159 1447 mu-

428 1465 655 1521 lierculae,
683 1467 852 1530 quibus
876 1483 986 1514 cum
1007 1467 1233 1533 Glycerio
1258 1467 1548 1515 consuetudo
1574 1477 1689 1514 erat.
1753 1468 1816 1515 Et
1838 1477 1973 1531 pater
1994 1465 2104 1514 cum
2131 1461 2174 1513 εἴ

430 1532 530 1580 filio
551 1531 684 1596 quod
704 1532 915 1580 voluerat
936 1534 1221 1589 extorsisset,
1258 1549 1352 1580 non
1377 1534 1477 1594 jam
1499 1533 1688 1581 simulat
1710 1549 1811 1581 rem
1825 1550 1840 1592 ;
1880 1533 1963 1579 sed
1986 1531 2160 1584 seriam

431 1596 645 1661 fabulam
680 1597 875 1645 orditur.
941 1598 1242 1647 Chremetem
1278 1609 1395 1654 orat,
1431 1612 1482 1646 ut
1515 1607 1708 1663 gnatam
1743 1597 1824 1652 det
1844 1613 2038 1645 uxorem
2060 1595 2162 1662 filio

431 1680 547 1730 sup:
586 1661 727 1712 facile
761 1665 998 1728 impetrat.
1065 1663 1161 1712 Hic
1196 1665 1256 1712 de
1291 1665 1541 1728 Pamphilo
1575 1677 1734 1713 actum
1765 1663 1884 1712 fuit:
1921 1673 2162 1710 maturare

432 1730 623 1793 nuptias
649 1737 783 1794 pater
803 1730 971 1785 studet,
1008 1739 1055 1777 et
1076 1730 1200 1779 filius
1226 1731 1466 1795 pollicitus
1489 1740 1590 1778 erat
1614 1748 1661 1779 se
1686 1731 1734 1778 in
1757 1729 1906 1793 patris
1927 1737 2162 1793 potestate

432 1795 643 1844 futurum
668 1811 784 1844 esse.
852 1796 1038 1850 Quaeso,
1074 1797 1310 1860 quomodo
1345 1814 1405 1844 ex
1429 1796 1500 1843 his
1525 1797 1675 1844 turbis
1699 1813 1748 1843 se
1772 1795 2012 1859 explicet?
2049 1787 2181 1858 quid

432 1860 578 1909 faeiat
616 1860 928 1926 Pamphilus?
1000 1860 1096 1910 Hic
1141 1863 1314 1919 Davus,
1361 1863 1492 1922 cujus
1539 1860 1865 1925 imprudentia
1898 1861 2162 1924 periculum

433 1933 731 1989 contractum
754 1934 870 1982 erat,
895 1927 1006 1975 cum
1028 1927 1161 1975 dolus
1182 1945 1275 1975 non
1298 1929 1609 1984 successisset,
1633 1928 1935 1975 Chremetem
1958 1926 2166 1986 deterret

433 1990 464 2042 ὲ
486 1991 677 2057 nuptiiS,
703 1991 847 2040 fidem
873 1992 1050 2042 faciens
1072 1994 1217 2052 amari
1241 1995 1383 2051 aliam
1406 1993 1435 2040 a
1458 1993 1724 2058 Pamphilo.

1153 2060 1458 2122 catastrophe.
1881 2104 1883 2109 ,

496 2124 567 2172 At
587 2130 723 2189 pater
745 2141 845 2172 rem
871 2132 1040 2189 urget:
1076 2133 1124 2172 et
1145 2122 1466 2188 processisset,
1499 2125 1588 2172 nisi
1613 2142 1761 2180 casus,
1796 2120 1875 2188 qui
1901 2139 2030 2187 saepe
2055 2123 2164 2188 plus

434 2189 563 2238 valet
587 2189 729 2254 quam
755 2191 890 2246 ratio,
925 2190 1080 2238 dubiis
1114 2191 1253 2238 rebus
1284 2209 1427 2256 opem
1455 2191 1696 2247 attulisset.
1766 2190 1907 2237 Venit
1929 2189 2165 2254 quispiam

436 2255 586 2312 Crito,
620 2255 701 2320 qui
724 2255 864 2308 docet
887 2257 1163 2322 Glycerium
1188 2257 1455 2306 Chremetis
1478 2257 1626 2313 filiam
1650 2273 1765 2311 esse,
1800 2265 1987 2320 gratum
2010 2252 2167 2317 omni-

437 2323 526 2370 bus
549 2321 790 2374 nuncium.
845 2323 1041 2386 Nuptiae
1064 2339 1125 2370 ex
1148 2323 1382 2371 sententia
1403 2323 1638 2386 Pamphili
1664 2323 1996 2370 conficiuntur.
2044 2319 2166 2370 Vide

435 2405 498 2436 ex
522 2396 697 2452 quanto
721 2387 950 2451 periculO,
975 2404 1086 2436 casu
1110 2390 1309 2436 evaserit
1333 2389 1606 2454 Pamphilus
1627 2388 1637 2436 Ξ

502 2455 588 2502 Est
611 2462 768 2502 autem
793 2453 843 2501 in
864 2470 995 2502 more
1017 2453 1257 2510 Terentio,
1291 2456 1338 2502 in
1375 2454 1527 2518 prima
1550 2453 1647 2501 fere
1672 2451 1815 2502 scena
1837 2451 1983 2518 longa
2003 2467 2168 2510 narra,-

437 2520 566 2567 tione
597 2535 972 2567 commemorare
1011 2520 1308 2568 occasionem
1343 2517 1547 2568 fabulae:
1586 2529 1726 2584 atque
1765 2536 1844 2566 eas
1879 2515 2168 2571 narrationes

438 2585 633 2650 plurimi
676 2583 895 2634 fecerunt
941 2595 1137 2633 veteres.
1226 2586 1303 2634 Sic
1355 2586 1403 2634 in
1461 2585 1643 2634 Andria
1687 2585 1886 2649 exponit
1931 2583 2167 2648 Pamphili

439 2667 638 2706 amores,
678 2659 726 2697 et
762 2651 909 2714 patris
946 2652 1211 2706 consilium,
1252 2669 1345 2717 quo
1382 2652 1532 2700 filium
1570 2651 1600 2700 a
1639 2651 1868 2716 Glycerio
1906 2648 2168 2698 divulsurus

427 2725 556 2772 crat.
626 2716 684 2763 In
714 2717 907 2781 reliquis
939 2717 1092 2765 scenis
1122 2718 1282 2783 pergit
1314 2719 1564 2766 consilium
1587 2717 1774 2781 exequi.
1841 2715 1959 2763 Sunt
1981 2730 2169 2778 aspersa

439 2782 698 2830 narrationi
732 2782 800 2830 illi
831 2785 999 2846 primae
1027 2783 1177 2831 multa
1209 2784 1441 2833 rhetorica
1461 2793 1749 2832 ornamenta.
1816 2781 1900 2828 Est
1924 2780 2049 2828 enim
2074 2779 2167 2826 mi·

438 2847 652 2896 rabiliter
667 2858 804 2895 aucta
821 2849 1271 2896 commemoratione
1288 2866 1490 2905 morum,
1512 2849 1784 2902 studiorum,
1805 2845 2003 2893 sodalitii
2026 2844 2166 2892 Pam-

440 2913 576 2978 phili,
617 2913 711 2975 qua
745 2915 993 2962 occasione
1026 2915 1302 2978 Pamphilus
1334 2916 1548 2978 deperire
1579 2917 1628 2961 in
1651 2911 1926 2975 Glycerium
1952 2910 2169 2974 coeperit,

443 2979 524 3027 ubi
564 2989 696 3042 pater
735 2979 782 3025 id
817 2979 1023 3042 primum
1058 2980 1440 3044 deprehenderit.
1524 2981 1642 3027 Haec
1675 2975 1893 3025 accurate
1929 2975 2170 3040 expendet

442 3043 697 3109 professor,
713 3053 761 3092 et
778 3046 919 3093 velim
938 3045 1018 3092 hic
1039 3046 1291 3094 immodice
1309 3047 1451 3094 etiam
1471 3045 1664 3092 anxium
1684 3059 1786 3090 esse
1804 3040 1881 3090 καὶ
1897 3049 2169 3108 πολυπραγε,

443 3113 595 3177 porei-'v
631 3109 951 3173 interpretem.
1042 3111 1126 3158 Est
1165 3112 1290 3159 enim
1324 3111 1476 3160 modis
1509 3110 1729 3158 omnibus
1764 3107 2080 3171 efficiendum,
2114 3115 2170 3162 ut

444 3176 690 3230 mirentur,
729 3186 780 3222 ut
817 3184 976 3224 ament
997 3176 1122 3224 hunc
1147 3187 1386 3225 auctorem
1412 3176 1556 3240 pueri.
1627 3173 1680 3222 Id
1716 3173 1782 3220 ita
1803 3172 1900 3230 fiet,
1938 3173 1975 3220 si
2001 3172 2167 3221 rectis-

443 3239 562 3290 sime
588 3240 921 3290 intellexerint.
986 3241 1289 3306 Exigendum
1315 3244 1375 3290 ab
1401 3243 1511 3306 ipsis
1533 3241 1703 3305 pueriS,
1731 3246 1782 3286 ut
1803 3255 1886 3286 suo
1910 3238 2071 3286 Marte
2094 3254 2172 3287 ar-

447 3314 676 3370 gumenta
701 3304 969 3354 fabularum
993 3308 1214 3364 condant,
1250 3319 1300 3355 ut
1322 3308 1449 3355 locos
1472 3308 1651 3370 aliquos
1676 3313 1910 3362 retexant,
1947 3313 1996 3351 et
2019 3304 2169 3369 pluri-

446 3374 535 3419 bus
573 3384 833 3435 exponant,
872 3381 921 3419 et
961 3382 1185 3436 tanquam
1222 3390 1380 3421 ceram
1420 3373 1683 3437 refingant:
1735 3387 1840 3433 quae
1877 3369 2168 3426 exercitatio,

447 3446 770 3501 praeterquarn
803 3436 926 3502 quod
965 3436 1317 3486 familiariorem
1352 3439 1476 3486 hunc
1511 3442 1702 3501 poetam
1736 3436 1866 3490 facit,
1901 3433 2173 3484 facundiam

447 3505 595 3552 etiam
633 3503 730 3551 alit.
798 3503 1065 3567 Finguntur
1092 3501 1172 3551 hic
1206 3505 1387 3551 cordati
1420 3521 1569 3558 senes,
1613 3504 1771 3550 Davus
1805 3509 2052 3555 veterator,
2088 3498 2173 3547 ho-

447 3567 584 3615 nesta
630 3583 685 3616 ac
721 3567 800 3632 pia
834 3581 994 3616 mente
1029 3569 1258 3633 praeditus
1295 3569 1567 3617 adolescens
1612 3567 1902 3631 Pamphilus.
1989 3563 2170 3614 Verum

448 3644 505 3680 ut
543 3633 781 3697 Pamphili
820 3633 1061 3698 ingenium
1103 3637 1277 3684 rectius
1317 3636 1529 3699 perspicix
1554 3643 1729 3698 posset,
1763 3640 1811 3679 et
1843 3641 1897 3680 ut
1924 3627 2170 3694 ,aliquanto

450 3699 555 3762 plus
583 3697 634 3748 in
666 3699 832 3748 fabula
853 3700 1009 3749 turbae
1031 3709 1170 3760 esset,
1203 3700 1444 3751 confertur
1465 3717 1573 3751 cum
1597 3716 1654 3748 eo
1677 3697 1908 3767 Charinus
1931 3695 2172 3764 Pamphili
