2314 3944
835 148 1069 203 ACTUS
1105 147 1202 205 111.
1275 148 1512 202 SCENA
1545 148 1638 208 III.

209 295 372 355 Pam,
405 295 480 346 Ita
505 294 693 345 factum
716 302 811 344 est..
879 291 964 345 So·
998 291 1126 361 quid-
1144 291 1308 342 mor-bi
1332 292 1432 344 est?
1473 289 1622 342 Pam

344 365 509 424 febris.
550 364 636 417 So.
661 363 984 433 quotidiana?
1027 362 1183 422 Pam.
1209 362 1278 412 ita
1302 362 1459 415 aiunt..

204 437 392 491 laedes
417 435 578 500 intro3
616 453 889 504 consequar
913 433 1021 504 jam
1061 444 1128 497 te,
1153 449 1268 484 mea
1292 443 1466 488 mater..

346 506 448 557 fiat.

203 578 357 640 Pion.
394 578 475 629 Tu
514 577 685 646 pneris
720 592 880 640 curre,
914 575 1180 639 Parmeno,
1212 573 1434 636 obviarn,
1474 580 1624 640 atque

348 647 424 700 h-is
448 667 603 700 onera
622 645 802 716 adjuta.
1424 701 1427 704 Α

206 719 336 782 Par.
376 719 514 774 Quid
535 720 552 770 ?
594 737 694 770 non
718 717 884 769 sciunt
907 716 1002 785 ipsi
1022 716 1178 780 viam,
1191 715 1400 786 domum
1419 717 1518 784 qua
1541 730 1621 764 re-

279 823 282 826 ·
347 791 529 843 dean-t?
571 791 725 842 Pam.
750 789 940 840 cessas?
1553 789 1621 836 25

1538 431 1622 482 Se.

2145 151 2248 211 267

1677 289 1785 330 Ram.
1813 285 1875 329 Ita
1898 287 2043 325 accidit.
2069 288 2128 325 So.
2148 287 2250 331 Quid

1677 355 1793 392 genus
1811 339 1932 378 morbi
1952 340 2034 377 est?
2055 340 2160 378 Pam.
2180 340 2251 378 Fe-

1675 395 1766 433 bris.
1829 391 1892 431 Su.
1935 391 1997 430 An
2038 393 2250 442 quotidiana

1674 459 1729 483 est
1744 447 1759 483 ?
1791 445 1895 482 Pam.
1911 442 1970 483 Ita
1988 443 2095 495 vulgo
2109 444 2243 483 dicunt.

1675 494 1712 543 l,
1749 511 1890 548 quaeso,
1934 497 2089 543 domum
2129 498 2247 542 intrem

1675 564 1876 601 consequar
1902 562 1996 588 mox
2018 559 2067 587 te.
2103 549 2166 591 So.
2193 547 2251 588 Ita

1677 605 1757 641 erit.
1798 604 1906 641 Pam.
1944 600 2021 650 Tu,
2057 599 2249 649 Parmeno,

1677 669 1780 694 eurr-e
1805 655 1954 693 obviam.
1965 655 2077 692 servis
2095 653 2253 692 afferen-

1677 709 1777 747 tibus
1812 721 1926 746 onem
1966 719 2006 745 et
2040 707 2195 745 sarcinas
2231 708 2253 748 ὲ

1679 762 1774 806 navi,
1819 770 1858 798 ct
1902 762 1954 798 eis
1997 759 2251 810 adjumentum

1678 814 1815 865 praebe.
1843 813 1931 851 Par.
1951 811 2052 855 Quid
2074 825 2167 865 opus
2195 822 2253 851 est

1679 879 1742 904 me
1776 864 1832 904 his
1869 866 2087 906 occurrere?
2132 877 2253 909 nonne

669 927 922 973 scimrt.viarr1„
937 938 1003 978 per
1020 938 1132 976 quam
1147 924 1298 962 domum
1313 922 1491 961 redeant?
1522 921 1630 958 Pam.
1651 918 1759 963 Quid
1770 919 1952 956 cunctaris
1969 919 2036 966 ire,
2050 913 2249 969 quoditie?

561 1114 971 1189 ACTUs
1044 1117 1168 1183 111.
1264 1112 1686 1209 SCENA
1755 1109 1896 1179 ΠΙ.

1008 1296 1453 1357 PAMPHILUS.

205 1435 449 1496 Nmmro
480 1451 708 1488 mearum
748 1451 912 1488 rerum
955 1433 1159 1488 initium
1200 1426 1363 1483 ullum
1404 1428 1628 1481 invenire

348 1507 606 1568 idoneum,

208 1577 362 1629 Unde
381 1577 612 1629 exordiar
628 1592 840 1638 narrare,
856 1593 972 1644 quae
992 1592 1086 1626 nec
1103 1574 1334 1644 opinanti
1350 1572 1587 1630 accidunt
1596 1590 1615 1634 ;

205 1648 392 1700 Partim
421 1666 535 1717 quae
560 1647 787 1715 perspexi
810 1646 886 1696 his
906 1647 1080 1710 oculiS,
1105 1646 1291 1715 partim
1315 1663 1428 1714 quae
1452 1642 1626 1712 accepi

351 1721 585 1771 auribus:

205 1790 327 1846 Qua
350 1809 432 1842 me
456 1801 657 1862 propter
681 1789 1021 1840 exanimatum
1050 1788 1195 1843 citins
1219 1787 1371 1838 eduxi
1393 1788 1521 1838 foras
1541 1807 1553 1837 t

207 1862 344 1913 Nam
371 1862 526 1912 modo·
555 1875 639 1910 me
663 1861 793 1910 intro
819 1873 877 1911 ut
897 1861 1114 1929 corripui
1137 1859 1362 1923 timiduS,
1396 1859 1496 1910 alio
1520 1875 1626 1908 sus—

350 1949 521 2000 picans
1595 1950 1626 1981 ο

203 2002 396 2055 -Morbo
428 2000 512 2054 me
548 2003 769 2054 visurum
794 2001 1047 2067 affectam,
1083 2020 1143 2053 ac
1178 2001 1309 2052 sensi
1346 2018 1466 2064 esse,
1504 2018 1628 2051 uxo-

350 2093 490 2126 rem:
528 2074 612 2125 hei
635 2074 792 2126 mihi!

214 2143 486 2214 Postquam
535 2163 618 2198 me
656 2162 890 2214 aspexere
936 2144 1136 2195 ancillae
1178 2143 1449 2206 advenisse,
1489 2142 1628 2193 illico

351 2217 527 2267 omnes
551 2217 701 2267 simul
1479 2247 1487 2271 κ

211 2287 371 2347 Laetae
391 2289 690 2351 exclamant,
715 2287 883 2351 Venit,
910 2286 959 2338 id
984 2287 1116 2356 quod
1133 2305 1216 2338 me
1235 2287 1438 2355 repente
1453 2281 1628 2354 aspex-

353 2369 522 2409 erant:
1142 2406 1143 2409 ,
1485 2357 1592 2425 [um
1613 2376 1627 2420 3

213 2428 314 2478 Sed
339 2429 580 2480 continuo
603 2431 793 2480 voltum
820 2438 990 2479 earum
1015 2429 1145 2482 sensi
1181 2428 1437 2480 immutari
1462 2428 1629 2479 omni-

211 2499 352 2554 Quia
371 2511 472 2552 tam
501 2501 819 2552 incommode
846 2500 942 2551 illis
965 2502 1064 2551 fors
1089 2503 1337 2562 obtulerat
1358 2501 1628 2550 adventum

357 2588 545 2622 meum.
1568 2576 1630 2632 lO

214 2640 333 2692 Una
365 2641 560 2694 illarum
584 2642 770 2693 interea
796 2644 1001 2709 propere
1028 2643 1368 2711 praecueurrit,
1394 2642 1630 2694 nuntians

213 2712 307 2763 Me
332 2714 522 2764 venisse
545 2735 557 2766 z
595 2731 690 2781 ego
714 2710 810 2781 eju'
836 2713 1038 2764 videndi
1063 2709 1271 2782 cupidus
1297 2716 1432 2765 reeta
1457 2723 1630 2765 conse-

353 2802 496 2853 quor.
776 2802 779 2804 “
1294 2785 1429 2853 [novi
1452 2785 1629 2836 miser:

214 2853 540 2924 Posteaquam
584 2855 769 2918 introii,
807 2857 1063 2924 extemplo
1098 2856 1204 2926 ejus
1242 2858 1472 2907 morbum
1511 2873 1631 2923 cog-

215 2925 350 2976 Nam
367 2926 551 2996 neque,
567 2938 624 2977 ut
647 2926 797 2977 celari
815 2937 993 2995 posset,
1012 2937 1209 2996 tempus
1233 2928 1446 2996 spatium
1471 2929 1632 2978 ullum

358 2997 523 3062 dabat,
534 3033 544 3049 1
1452 2998 1633 3067 [queri.

215 3066 398 3135 Neque
424 3086 546 3121 voce
569 3069 683 3131 alifi,
707 3085 766 3119 ac
791 3085 865 3118 res
892 3071 1143 3132 monebat,
1168 3069 1275 3138 ipsa
1297 3079 1490 3137 poterat
1509 3087 1631 3120 con-

218 3136 487 3206 Postquam
524 3140 709 3207 aspexi,
744 3142 777 3190 ὂ
813 3140 1013 3191 facinus
1051 3139 1353 3208 indignum!
1393 3139 1630 3210 inquam:

357 3219 409 3259 et
434 3209 650 3278 corripui
665 3210 812 3261 illico
1377 3212 1633 3280 [percituS.

217 3277 310 3327 Me
346 3279 463 3330 inde
510 3282 807 3344 lacrumanS,
851 3281 1132 3334 incredibili
1173 3301 1243 3348 re,
1285 3292 1435 3351 atque
1479 3283 1634 3333 atroci

219 3348 386 3400 Mater
411 3351 754 3472 cottiisequitur:
772 3351 879 3419 jam
907 3364 963 3405 ut
986 3355 1143 3406 limen
1163 3354 1368 3418 exirem,
1388 3354 1451 3405 ad
1468 3371 1634 3422 genua

357 3437 465 3472 accl
503 3432 557 3486 lt,

1733 1427 1824 1466 Non
1860 1442 2010 1481 possum
2047 1431 2253 1482 excogitare

1681 1494 1802 1519 rerum
1831 1480 1924 1519 mihi
1943 1482 2176 1521 molestarum
2193 1484 2252 1522 ul-

1680 1534 1756 1572 lum
1789 1535 2011 1587 principium
2051 1546 2179 1587 aptum
2213 1545 2255 1575 et.

1681 1589 1916 1634 conveniens,
1946 1589 1971 1625 a*
1984 1601 2059 1638 quo
2076 1589 2253 1641 incipiam

1679 1653 1861 1691 exponere
1878 1653 1934 1687 ea,
1949 1653 2032 1691 quae
2060 1639 2154 1679 mihi*
2183 1654 2253 1680 nec

1678 1693 1892 1744 suspicanti,
1912 1707 1980 1730 nec
1995 1694 2171 1745 cogitanti
2189 1693 2255 1740 ad7

1679 1753 1881 1790 venerunt3
1929 1759 2084 1796 quorum
2131 1746 2256 1796 aliqua

1678 1797 1738 1835 his
1758 1798 1873 1836 oculis
1887 1799 2040 1850 pervidi,
2059 1799 2181 1851 aliqua
2195 1797 2254 1837 his

1679 1852 1825 1889 auribus
1870 1852 2035 1903 percepi:
2075 1852 2253 1904 quamob-

1679 1917 1757 1942 rem
1812 1917 1871 1942 me
1928 1905 2161 1955 perterritum
2215 1902 2253 1943 et

1680 1966 1951 1996 consternatum
1995 1958 2104 1994 citius
2153 1965 2255 1995 extra

1681 2011 1830 2048 domum
1849 2009 1976 2047 extuli.
2030 2008 2131 2047 Nam
2162 2022 2255 2062 pau.-

1682 2062 1719 2100 Ῑὸ
1750 2064 1851 2109 ante,
1894 2071 2086 2115 postquam
2119 2063 2252 2115 raptim

1681 2115 1778 2153 intro
1792 2116 1943 2153 domum
1958 2115 2139 2167 ingressus
2157 2129 2255 2166 sum,

1681 2168 1754 2206 alio
1781 2169 1935 2220 opinans
1962 2168 2091 2206 morbo
2117 2182 2177 2206 me
2194 2170 2255 2207 in·

1681 2230 1877 2261 venturum
1889 2231 2090 2272 correptam
2099 2234 2179 2259 esse
2186 2235 2255 2260 ux-

1681 2287 1782 2312 orem
1801 2283 1910 2324 atque
1929 2274 2022 2311 vidi:
2052 2272 2113 2311 hei
2131 2272 2224 2312 mihi
2240 2274 2254 2313 ἱ

1682 2335 1724 2364 ut
1767 2341 1824 2364 me
1860 2326 2000 2364 ancillae
2031 2339 2255 2378 conspexere

1682 2379 1844 2426 rediisse,
1873 2391 2000 2417 omnes
2027 2381 2150 2417 statim
2178 2378 2255 2419 una

1682 2431 1813 2470 hilares
1827 2433 1947 2484 primo
1966 2433 2097 2480 ‹raudio
2123 2431 2258 2481 adven-f

1681 2487 1741 2524 tsss
1751 2486 1954 2531 clamitant,
1964 2464 2180 2536 Pamphilus
2193 2483 2258 2522 ad·

1682 2540 1809 2583 venit;
1837 2547 1984 2589 propter
2002 2537 2053 2587 id,
2071 2537 2169 2589 quod
2187 2538 2258 2576 im-

1683 2590 1843 2643 proviso,
1862 2599 1900 2628 et
1930 2590 2053 2627 subito
2075 2603 2140 2635 rme
2157 2589 2259 2628 vide·

1684 2653 1764 2682 rant
1780 2659 1789 2680 ε
1817 2643 1879 2680 sed
1897 2642 1998 2680 illico
2019 2641 2256 2683 animadverti

1684 2710 1808 2734 earum
1826 2697 1992 2734 omnium
2007 2694 2126 2733 vultus
2138 2699 2256 2734 trans-

1683 2758 1845 2789 mutatos
1858 2762 1952 2795 esse,
1964 2756 2157 2800 postquam
2170 2761 2260 2787 con-

1683 2802 1923 2840 sideraverant
1951 2798 2108 2839 reditum
2129 2814 2256 2839 meum

1684 2855 1938 2906 intempestive
1961 2852 2033 2892 illis
2051 2852 2144 2891 forte
2161 2853 2261 2892 obti-

1684 2909 1792 2960 gisse.
1846 2905 1992 2945 Interea
2018 2919 2064 2944 ex
2087 2905 2158 2944 illis
2182 2919 2259 2944 una

1685 2961 1852 2999 celeriter
1883 2960 2044 2998 cucurrit
2081 2958 2126 2996 ad
2163 2971 2258 3019 prae-

1686 3012 1934 3054 nunciandum
1963 3024 2024 3050 me
2049 3010 2257 3053 advenisse:

1686 3079 1756 3118 ego
1773 3065 1937 3104 videndae
1949 3062 2180 3102 Philumenae
2192 3075 2259 3102 cu-

1684 3119 1835 3172 piditate
1870 3117 1998 3154 ardens
2032 3115 2131 3154 recta
2164 3114 2261 3154 hane

1684 3171 1853 3210 ancillam
1901 3170 2084 3220 insequor.
2151 3165 2259 3207 Post-

1685 3238 1794 3276 quam
1809 3225 1990 3274 ingressus
2009 3233 2092 3259 sum
2105 3220 2259 3259 cubicu-

1686 3277 1778 3323 lum,
1811 3273 2008 3312 confestim
2036 3271 2260 3327 deprehendi

1686 3342 1761 3380 quo
1777 3327 1904 3365 morbo
1920 3325 2151 3373 tentabatur:
2173 3339 2258 3367 nam

1686 3381 1863 3433 temporis
1893 3378 2048 3416 brevitas
2082 3378 2259 3430 impedie-

1686 3434 1763 3480 bat,
1777 3432 1973 3483 quominus
1985 3431 2064 3478 ejus
2075 3431 2260 3483 partitudo

1686 3485 1944 3531 occultaretur,
1959 3496 2080 3535 neque
2099 3484 2176 3533 ipsa
2195 3497 2261 3535 po·

218 3544 309 3573 terat
327 3535 397 3574 alia
413 3549 515 3583 voce,
531 3550 572 3575 ae
591 3538 731 3577 dolores
750 3538 947 3591 cogebant,
964 3542 1124 3592 gemitus
1138 3554 1183 3586 ex
1200 3549 1320 3592 partu,
1335 3550 1373 3579 et
1386 3550 1539 3591 questus
1553 3540 1672 3578 edere.
1707 3535 1904 3588 Postquam
1922 3535 2000 3574 visu
2017 3535 2054 3574 id
2067 3536 2227 3587 comperi
2243 3551 2255 3580 ς

209 3590 241 3636 ,ὁ
257 3587 429 3639 probrum
448 3590 600 3641 ingens!
629 3591 724 3643 apud
742 3605 800 3629 me
819 3591 909 3638 dixi,
928 3600 966 3629 et
991 3594 1175 3629 continuo
1197 3593 1282 3630 inde
1301 3606 1358 3630 me
1377 3593 1547 3639 subduxi,
1564 3593 1805 3642 illacrymans,
1823 3602 1861 3628 re
1879 3586 1973 3628 mihi
1990 3602 2066 3628 non
2092 3587 2256 3626 credibili

218 3649 254 3678 et
283 3651 432 3691 aspectu
464 3640 645 3681 horrenda
666 3653 871 3682 commotus
899 3656 940 3681 ac
968 3644 1211 3695 perturbatus.
1265 3644 1389 3683 Mater
1407 3643 1638 3683 Philumenoe
1670 3657 1730 3683 me
1748 3643 1954 3694 insequitur
1961 3657 1973 3690 5
2001 3650 2040 3679 et
2056 3639 2255 3691 lachrymas

221 3693 376 3743 tundens
395 3693 537 3741 infelix,
554 3696 594 3734 in
612 3695 740 3734 limine
759 3697 907 3743 domus,
924 3696 969 3734 ad
986 3709 1107 3746 genua
1125 3699 1274 3736 exeunti
1294 3696 1385 3736 mihi
1405 3712 1443 3736 se
1462 3698 1623 3747 subjicit,
