2340 3964
145 141 218 188 40

147 274 260 316 Unde
288 292 383 318 nova
405 281 476 320 ista
499 282 565 320 reli
580 284 632 321 ‘io
658 295 719 320 va-

147 330 207 368 nit
237 331 304 370 tibi
324 334 362 370 in
391 343 576 373 mentem.
641 335 717 373 Da.

146 379 312 430 Matura,
342 394 383 423 ut
411 387 498 437 quid
517 395 644 438 postea
655 399 718 431 ,ac-

146 443 250 474 turus
268 451 350 475 sum
370 439 564 490 intelligas.
601 436 718 477 'Proh

144 485 316 540 Jupiter!
372 491 423 527 M
452 519 460 528 .
500 489 603 533 Quid
634 486 749 529 est?'

146 540 225 580 Da.
243 539 399 594 Sponsae
443 542 594 594 amphili
615 551 719 594 pater

135 591 324 632 -Chremes
338 595 549 641 intervenit,
561 595 650 633 dum
661 596 716 633 lo-

145 647 303 697 quimur.
339 646 488 696 Abjicio
505 647 717 695 consilium,

143 699 244 752 quod
253 699 414 751 primum
424 708 510 737 ante
519 700 724 738 adventum

144 751 226 801 ejus
245 765 422 804 ceperam.
469 753 558 804 My.
575 749 716 791 Nescio

143 802 235 853 qnid
252 817 388 843 narres.
431 805 508 843 Da.
525 804 609 857 Ego
624 819 717 856 quo-

143 869 217 906 que
257 855 348 894 hinc
383 857 405 894 ὲ
435 857 562 896 dextra¹
596 867 714 910 parte,

144 907 220 961 qua.
239 911 341 947 venit
364 907 558 956 Chremes,
575 924 635 948 me
654 925 715 961 ve·-

144 961 224 999 nire
249 961 452 1002 simulabo:
481 971 523 1000 tu
549 961 653 1010 vide,
673 972 716 1002 ut

142 1013 427 1065 quibuscunque
464 1016 597 1062 verbis,
633 1017 715 1067 qui-

143 1065 214 1104 bus
246 1080 339 1119 opus
371 1068 456 1115 erit,
494 1068 715 1116 subservias,

144 1127 183 1156 et
201 1118 409 1158 commodes
429 1122 588 1158 orationi
607 1134 714 1160 meae.

786 143 843 194 P.
877 139 1224 196 TERENTn
1258 141 1556 213 ANDmA.

771 282 916 333 Nova
940 300 1078 334 nunc
1103 283 1282 351 religio
1306 283 1357 335 in
1382 294 1433 335 te
1457 285 1594 336 istaec
1618 284 1835 351 incessit,
1861 285 2010 339 cedo?
2154 291 2190 339 9

772 352 883 404 Da.
909 353 1065 404 Move
1083 355 1233 423 ocyus
1254 364 1319 418 te,
1344 365 1419 420 ut,
1435 355 1556 424 quid
1574 374 1738 426 agam,
1758 359 1903 426 porro
1922 355 2190 425 intelligas.

757 423 868 475 .Ρι·ὂ
885 423 1112 506 Jupiter!
1148 426 1263 494 My.
1281 425 1431 494 quid?
1469 425 1582 479 Da.
1597 445 1790 497 sponsae
1809 440 1951 498 pater
1975 429 2191 480 interve-

773 510 1007 633 Repuldlib·
1031 565 1316 628 consilium,
1341 565 1475 635 quod
1499 567 1720 635 primum
1746 568 2076 621 intenderam.

772 635 886 704 My.
923 637 1112 688 Nescio
1137 637 1257 706 quid
1283 654 1467 688 narres·
1503 637 1615 690 Da.
1641 656 1736 706 ego
1755 657 1956 709 quoque
1982 641 2103 692 hinc
2126 641 2189 690 ab

912 708 1145 759 dextera*

769 776 955 829 Venire
982 797 1064 833 me
1088 778 1429 831 adsimulabo:
1466 787 1538 842 tu,
1558 788 1613 830 ut
1638 780 1910 831 subservias

770 847 1017 914 Orationi,
1042 860 1318 918 utcumque
1342 850 1457 918 opu'
1483 851 1561 914 sit,
1587 851 1764 913 verbis,
1791 851 1918 902 vide.
2124 858 2186 904 15

770 920 884 987 My.
911 920 1042 988 Ego,
1060 920 1180 989 quid
1200 939 1332 988 agaS,
1351 922 1478 972 nihil
1497 921 1726 989 intelligo
1745 942 1756 972 ε
1782 921 1884 984 sed,
1902 921 1944 972 si
1965 921 2084 990 quid
2102 933 2191 985 est,

769 989 923 1045 Quod
949 1009 1062 1043 mea
1085 1009 1234 1060 opera
1261 1010 1384 1060 opus
1409 992 1472 1043 sit
1498 993 1651 1055 vobiS,
1677 1002 1764 1043 aut
1785 1001 1839 1042 tu
1867 994 1980 1061 plus
2004 992 2157 1057 video,

768 1060 1012 1127 ManebQ
1037 1080 1100 1113 ne
1126 1062 1246 1131 quid
1270 1073 1488 1114 vostrum
1515 1080 1733 1114 remorer
1757 1062 2108 1114 commodum.

143 1171 235 1223 My.
261 1170 346 1225 Ego
363 1171 459 1210 nihil
481 1173 664 1239 intellissm
689 1174 777 1224 quid
805 1184 846 1211 tu
864 1186 970 1224 agas:
999 1173 1062 1210 sed
1090 1173 1120 1210 si
1145 1186 1237 1224 opus
1256 1183 1311 1210 est
1328 1173 1430 1211 vobis
1454 1175 1493 1212 in
1511 1173 1632 1224 aliqua
1655 1188 1694 1213 re
1717 1175 1830 1226 opera
1846 1175 1943 1223 mea,
1970 1183 2033 1214 aut
2050 1180 2092 1214 tu
2108 1164 2193 1229 plus

143 1225 336 1276 praevides,
353 1225 464 1277 quam
482 1239 569 1278 ego,
583 1226 646 1264 hic
665 1227 884 1278 expectabo,
904 1239 965 1273 ne,
980 1225 1079 1277 quod
1097 1226 1200 1263 vobis
1218 1226 1452 1264 commodum
1468 1236 1539 1274 est,
1557 1228 1747 1266 retardem.

200 1465 247 1502 1⁵
282 1456 485 1508 Utcumque
501 1458 583 1509 opu'
611 1457 670 1502 sit,
699 1454 842 1504 ver-hia]
901 1454 996 1493 Haec
1020 1457 1143 1494 dicens

954 1360 1026 1400 AN
1032 1358 1389 1401 NOTATIONES.

1254 1464 1300 1494 18
1332 1458 1390 1494 Ne
1424 1457 1513 1507 quid
1541 1465 1700 1497 vostrum
1742 1472 1897 1498 remo-rer
1933 1459 2190 1512 commodum]

143 1506 273 1549 Davus
291 1510 385 1557 abit,
411 1511 622 1562 priusquam
648 1508 924 1546 fraudulentum
948 1509 1027 1558 ejus
1055 1522 1146 1546 con·
1196 1508 1444 1547 Commodum
1462 1508 1660 1562 Pamphili.
1687 1510 1873 1553 Caeterum
1898 1511 1979 1550 hoec
2003 1511 2122 1551 Sceua
2137 1524 2195 1552 est

143 1562 269 1602 silium
288 1561 414 1616 Mysis
428 1562 633 1613 intelligam
666 1575 750 1613 quae
769 1574 876 1598 causa
894 1570 965 1607 est,
983 1572 1025 1599 ut
1041 1562 1140 1600 eain
1194 1571 1363 1599 actuosa:
1394 1564 1510 1615 magis
1541 1564 1643 1602 enim
1674 1565 1714 1603 in
1743 1574 1867 1617 gestu,
1892 1566 2001 1618 quam
2029 1567 2194 1606 oratione

143 1613 265 1654 See‘na
283 1615 449 1668 proxima
464 1624 598 1667 praeter
611 1627 690 1652 rem
716 1611 824 1652 Davo
844 1615 1077 1666 respondeat,
1099 1627 1141 1653 ac
1195 1622 1252 1652 est
1268 1615 1482 1653 constituta.
1751 1643 1754 1651 .

144 1666 221 1708 fieta
239 1669 370 1721 prodat
385 1668 502 1720 ipsius
520 1675 788 1707 commentum.

543 1833 956 1904 ACTUS
1008 1832 1135 1901 IV.
1234 1833 1652 1903 SCENA
1701 1834 1787 1903 V.

663 1989 1038 2045 CHREMES.
1110 1988 1348 2042 MYSIS.
1422 1985 1680 2042 DAVUS.

203 2128 273 2166 Ch.
289 2126 431 2176 Redeo,
445 2139 641 2181 postquam
655 2144 719 2183 ap-

146 2180 268 2232 paravi
300 2195 358 2228 ea,
392 2196 476 2232 quae
517 2197 611 2236 opus
647 2183 720 2222 fuit

147 2246 320 2285 apparare
387 2235 433 2273 ad
486 2236 720 2274 celebrandas

148 2287 298 2338 nuptias
317 2286 416 2334 filiae,
435 2297 478 2326 ut
485 2290 638 2338 jubeam
659 2303 721 2327 vo-

147 2339 222 2376 cari
250 2352 328 2386 eos,
357 2354 448 2391 quos
465 2340 524 2380 his
543 2343 721 2385 interesse

149 2393 342 2430 convenit:
363 2394 426 2431 sed
440 2394 528 2445 quid
545 2393 618 2434 hoc
637 2396 718 2434 est?

147 2441 247 2484 Puer
281 2443 403 2484 hercle
440 2455 520 2485 est:
575 2449 722 2495 mulier,

149 2505 241 2536 tune
254 2495 316 2536 hic
328 2500 484 2550 posuisti
498 2513 584 2539 eum
595 2502 622 2546 ἓ,
633 2502 723 2552 My.

149 2548 314 2588 Ubinam
347 2561 404 2590 est
431 2550 588 2592 Davus?
649 2555 723 2594 Ch.

148 2600 242 2642 Non
257 2602 351 2642 mihi
370 2607 593 2656 respondes?
633 2607 721 2658 My.

149 2653 267 2702 Hem,
296 2670 476 2708 nusquam
493 2659 531 2696 in
549 2658 608 2698 his
634 2659 723 2697 locis

149 2709 330 2760 reperitur
364 2709 443 2757 ille,
492 2724 546 2749 vae
579 2711 724 2750 miserae

150 2758 243 2799 mihi
255 2762 264 2799 !
279 2758 408 2800 Homo
421 2776 482 2801 me
493 2763 659 2815 reliquit,
670 2774 724 2802 at-

150 2825 224 2863 que
237 2814 344 2853 abiit.
381 2816 459 2854 Da.
477 2814 545 2854 Dii
563 2826 722 2856 vostram

149 2864 281 2905 fidem!
309 2877 470 2918 quantus
490 2869 670 2909 tumultus
684 2871 723 2908 in

150 2916 259 2958 foro?
293 2929 431 2970 quanta
445 2921 643 2960 multitudo
656 2921 725 2960 ho-

151 2971 295 3011 minum
329 2981 400 3020 est,
437 2974 500 3024 qui
538 2974 614 3013 illic
650 2975 726 3012 liti-

150 3025 270 3075 gant?
325 3023 425 3064 Tum
464 3039 612 3064 annona
646 3040 726 3064 cara

779 2128 876 2183 Cla.
926 2129 1256 2199 REVEa'mR,
1295 2139 1585 2198 postquam,
1635 2146 1748 2197 quae
1791 2144 1915 2198 opus
1952 2130 2089 2183 suere
2132 2130 2197 2184 ad

919 2198 1115 2269 nuptias

776 2273 977 2335 Gnatae,
1001 2269 1187 2340 paravi,
1212 2280 1267 2321 ut
1285 2268 1492 2339 jubeam
1519 2270 1701 2322 accersi
1723 2292 1734 2322 :
1773 2271 1858 2322 sed
1882 2270 2003 2340 quid
2027 2271 2160 2325 hoc?

775 2343 907 2396 Puer
940 2342 1110 2393 hercle
1158 2350 1261 2406 est3
1318 2341 1516 2405 mulier,
1559 2341 1667 2392 tun'
1710 2339 1980 2412 apposuisti
2023 2342 2197 2396 hunc?

918 2414 1001 2464 Μ
1022 2454 1033 2465 .
1073 2412 1159 2463 ubi

775 2486 870 2537 Ille
895 2432 1015 2535 esti]
1048 2483 1142 2539 Chr.
1170 2501 1270 2535 non
1293 2473 1420 2534 mihi
1447 2483 1746 2552 respondes?
1785 2484 1896 2554 My.
1920 2484 2058 2549 hem,
2080 2478 2198 2538 nus-

784 2554 787 2558 ’
918 2573 1071 2624 quam
1098 2563 1201 2606 est:
1238 2573 1316 2605 vae
1341 2554 1536 2605 miserae
1562 2554 1719 2607 mihi!
2161 2561 2197 2609 4

778 2625 1005 2696 Reliquit
1050 2643 1132 2678 me
1170 2626 1339 2689 homO,
1376 2635 1525 2696 atque
1562 2626 1702 2678 abiit.
1774 2626 1884 2679 Da.
1911 2627 1963 2679 di
1985 2623 2195 2681 vostram

920 2695 1104 2749 fidem!
1185 2706 1187 2708 ’
1221 2705 1223 2708 ⁴
1897 2716 1901 2719 “
1943 2695 2194 2767 [litigant-'?

777 2768 917 2823 Quid
953 2770 1114 2820 turbae
1149 2778 1223 2819 est
1258 2768 1390 2837 apud
1416 2767 1615 2821 forum?
1655 2765 1778 2837 quid
1800 2766 2197 2835 illich'otninum

755 2841 914 2892 ·Tum
939 2857 1137 2891 annona
1162 2857 1274 2890 cara
1298 2849 1402 2890 est:
1443 2837 1563 2906 quid
1587 2837 1751 2890 dicam
1778 2838 1930 2902 aliud,
1955 2839 2140 2891 nescio,

780 2911 894 2980 My.
932 2910 1037 2962 Cur
1058 2920 1131 2974 tu,
1165 2911 1391 2974 obsecm,
1420 2908 1505 2967 hic
1542 2926 1625 2960 me
1658 2909 1852 2961 solam?
1889 2906 2038 2977 “Da.
2060 2909 2200 2976 hem,

919 3000 1034 3051 quae
1059 2982 1171 3033 haec
1191 2991 1264 3032 est
1283 2981 1485 3032 fabula?
2032 2993 2034 2997 ·

151 3085 230 3115 est:
259 3077 399 3124 nescio,
417 3078 507 3128 quid
523 3079 621 3117 aliud
638 3080 769 3118 dicam.
824 3081 912 3133 My.
939 3079 1016 3118 Cur
1042 3090 1099 3127 tu,
1117 3092 1259 3131 quaeso,
1287 3076 1349 3117 hic
1368 3092 1428 3116 me
1446 3078 1564 3117 solam
1583 3078 1792 3129 reliquisti?
1852 3079 1926 3118 Da.
1955 3078 2071 3127 Hem,
2097 3094 2199 3133 qua-

150 3142 238 3168 nam
253 3129 378 3169 fabula
394 3129 458 3171 hic
471 3132 616 3184 agitur?

962 3247 1399 3289 ANNOTATIONES.

84 3755 86 3761 Ι
149 3711 238 3750 duo
253 3709 327 3750 huc
342 3713 447 3758 veni3
477 3721 516 3751 at
533 3712 595 3751 ille
614 3726 673 3751 me
690 3712 856 3764 reliquit,
870 3721 982 3764 atque
995 3710 1099 3751 abiit.

206 3351 227 3381 2
257 3343 331 3382 Sed
341 3344 430 3394 quid
442 3345 507 3384 hoc
515 3344 554 3395 Ρ]
1258 3353 1279 3382 5
1311 3342 1365 3381 De
1381 3343 1701 3394 voslramfideml]
1759 3342 1795 3382 A
1813 3344 1940 3382 dextra
1956 3344 2108 3382 veniens
2120 3341 2200 3383 Da·

1203 3410 1268 3434 vus
1284 3395 1434 3434 simulat
1448 3409 1486 3434 se
1504 3396 1525 3433 ὲ
1544 3395 1623 3434 foro
1635 3397 1772 3435 venire.

1259 3456 1277 3493 7
1301 3450 1391 3492 Tum
1408 3462 1553 3486 annona
1571 3462 1658 3487 cara
1674 3449 1752 3500 esu]
1803 3447 1887 3487 Hoc
1897 3447 2024 3487 Davus
2039 3449 2084 3487 ad
2097 3461 2203 3500 spec-

1203 3510 1340 3540 tatoies
1364 3514 1575 3546 conversus,
1599 3502 1657 3539 vel
1681 3502 1872 3540 summisse
1895 3501 1997 3554 dicit.
2050 3499 2119 3540 Est
2135 3515 2202 3540 au-

1203 3564 1278 3592 tem
1303 3562 1449 3592 annona
1473 3567 1529 3592 res
1555 3555 1676 3592 omnis
1693 3567 1778 3605 quae
1798 3553 1843 3592 ad
1868 3565 2034 3592 annuum
2060 3554 2199 3592 victura

1201 3607 1402 3659 reponitur.
2170 3639 2173 3642 .

1258 3666 1279 3697 8
1305 3658 1383 3698 Cur
1399 3665 1454 3706 tu,
1466 3660 1619 3706 obsecro,
1633 3657 1694 3697 hec
1706 3661 1891 3699 mesalum
1905 3658 1954 3710 ?],
1975 3655 2200 3710 Simplicitaa

1203 3709 1360 3765 Mysidis
1374 3710 1450 3751 fert
1467 3711 1608 3765 detegit
1621 3708 1812 3750 fallaciam.
2166 3712 2169 3715 ’
2188 3709 2196 3731 ’”

611 3344 754 3384 Interro
803 3346 857 3383 tio
871 3353 927 3382 est
946 3345 1149 3396 ignorantis

154 3394 363 3434 Chremetis
395 3398 484 3448 quid
519 3406 632 3443 esset,
668 3358 801 3449 quo?
802 3400 965 3449 primum
1000 3398 1153 3435 viderat.

152 3446 244 3486 Erat
260 3458 385 3487 autem
402 3463 493 3502 puer
536 3452 642 3489 annis
661 3450 861 3489 involutus.

206 3507 230 3539 3
263 3502 334 3539 Ubi
349 3501 507 3541 ineest?
582 3501 703 3555 Mysis
720 3501 868 3541 Davum
890 3503 1059 3554 requirit,
1087 3502 1150 3552 qui

150 3565 190 3590 ae
208 3564 468 3601 summoverat,
485 3564 684 3608 conspecto
701 3553 921 3602 Chremete3
950 3563 994 3593 ut
1007 3556 1086 3607 ipse
1104 3555 1149 3593 de

149 3605 231 3645 foro
243 3607 367 3644 venire
380 3607 574 3645 videretur.
1041 3606 1044 3610 ⁴

202 3667 227 3696 4
259 3659 322 3697 Voe
334 3660 476 3697 miseroe
489 3660 582 3698 mihi
595 3659 631 3710 l]
667 3658 787 3703 Quasi
803 3660 916 3706 dicat,
933 3657 1031 3697 Davi
1047 3671 1151 3699 man-

2327 391 2340 441 ἐ
