2314 3944
785 120 1018 202 Ac'rus
1054 147 1150 202 w.
1221 146 1455 202 scENA
1489 147 1586 202 111.

155 291 300 350 Quid
334 293 516 361 agam?
553 301 642 344 aut
676 291 799 362 quid
834 291 1221 344 comminiscar?
1260 291 1384 343 ratio
1413 288 1476 341 de
1498 287 1581 342 in-

299 373 441 432 tegro
465 363 684 415 ineunda
708 376 781 416 est
805 365 950 415 mihi.
1357 359 1581 431 [possiet.

159 433 256 486 Nil
303 442 408 486 tam
447 433 652 505 dzflicile
690 444 781 499 est,
829 436 946 504 quin
985 434 1242 504 quaerendo
1285 431 1580 500 investigari

156 504 313 571 Quid,
334 506 379 557 si
410 506 508 557 hoc
542 507 613 558 sic
647 525 785 558 nunc
818 506 1095 576 incipiam?
1134 504 1264 556 nihil
1291 514 1380 556 est.
1404 503 1446 555 si
1468 502 1575 553 sic?

296 578 595 630 tantundem
620 596 786 646 egem.

154 647 227 700 At
259 647 332 698 sic
369 649 575 718 opinor:
625 667 727 700 non
765 659 957 719 potest:
994 647 1155 699 immo
1190 647 1415 717 optume.
1451 661 1577 711 euge

298 719 459 772 habeo
475 730 751 789 optumam.
1420 757 1422 760 .
1515 721 1578 765 lO

154 787 430 842 Retraham
453 791 640 855 hercle,
663 792 859 860 opinor,
895 790 960 842 ad
983 789 1225 842 meidem
1250 788 1378 841 illud
1399 786 1574 855 fugiti-

293 879 415 914 vum
439 874 706 931 argentum
722 875 914 914 tamen.

1725 133 1743 156 ἵ

2103 152 2208 199 ,135

1634 285 1740 331 Quid
1768 285 1916 334 faciam,
1944 296 2010 325 aut
2035 288 2124 338 quid
2143 301 2207 327 ex—

1633 341 1823 393 cogitem?
1866 341 2128 378 inveniendum
2161 343 2207 380 de

1633 406 1728 431 novo
1736 392 1829 432 mihi
1841 404 1897 430 est
1910 393 2008 431 aliud
2019 406 2209 430 commen-

1632 455 1727 484 tum.
1781 444 1890 483 Nihil
1914 457 1969 483 est
1992 455 2068 482 tam
2092 447 2210 497 impe-

1631 499 1762 545 ditum,
1791 499 1891 549 quod
1920 512 1995 538 non
2010 499 2129 549 possit
2147 512 2209 536 co-

1630 552 1753 589 nando
1778 552 1951 603 expediri.
1994 549 2108 593 -Quid
2137 551 2207 589 erit

1629 605 1660 641 si
1681 618 1780 642 nunc
1800 606 1853 643 sic
1871 603 2016 642 ordiar?
2047 604 2119 641 tale
2137 604 2207 655 fig-

1630 667 1798 694 mentum
1843 657 1981 695 nullius
2018 658 2203 694 momenti

1630 719 1697 747 est.
1752 709 1855 752 Quid
1873 711 1943 747 erit
1965 710 1997 747 si
2010 707 2081 746 hoc
2096 719 2206 760 pacto

1629 761 1788 801 faciam?
1820 776 1895 800 non
1909 762 2068 813 amplius
2082 761 2206 813 profe-

1627 828 1730 852 cero:
1759 824 1796 853 at
1814 828 1948 852 censeo
1969 816 2019 852 sic
2039 827 2146 866 posse
2160 815 2205 852 fi-

1627 869 1678 905 eri
1694 882 1702 904 :
1723 868 1874 905 minime
1891 878 2031 918 potest:
2052 869 2128 905 imo
2141 880 2206 904 ve-

1625 922 1667 957 ro
1685 921 1848 971 perbelle
1862 921 1939 958 fieri
1956 929 2090 972 potest.
2133 919 2206 969 Eja

154 972 381 1014 scio'bonam
396 976 565 1026 pecuniae
578 974 767 1012 eliciendae
783 974 973 1012 rationem.
1016 971 1089 1011 Per
1101 971 1317 1020 Herculem,
1331 971 1375 1010 ad
1389 985 1463 1020 me,
1478 979 1520 1010 ut
1534 981 1643 1024 put0,
1657 974 1826 1013 reducam
1841 975 2036 1024 pecuniam
2049 973 2203 1012 eandem

149 1025 269 1075 illam,
286 1041 372 1080 quae
387 1038 562 1080 tanquam
575 1029 800 1079 mancipium
817 1028 1014 1080 fugitivum
1027 1027 1049 1065 a
1063 1039 1122 1064 me
1139 1040 1179 1064 se
1198 1026 1394 1079 proripuit.

521 1350 1119 1420 ACTUSIV
1216 1346 1826 1453 SCENAIH.

881 1519 1144 1599 cmm.
1217 1544 1468 1597 sYRUs.

151 1717 232 1774 Cl.
267 1719 465 1773 NULLA
489 1718 619 1773 mihi
641 1738 717 1772 res
735 1720 940 1791 posthac
959 1729 1122 1791 potest
1139 1719 1246 1791 jam
1272 1718 1571 1772 intervenire

289 1801 444 1856 tanta,
1173 1815 1177 1821 ·

145 1860 283 1919 Quae
319 1863 448 1914 mihi
483 1862 834 1931 aegritudinem
859 1861 1065 1916 afferat:
1100 1871 1239 1916 tanta
1260 1864 1374 1916 haec
1398 1861 1572 1914 laetitia

288 1935 461 1986 oborta
477 1945 567 1987 est.

145 2003 298 2058 [Dedo
331 2005 460 2075 patri
493 2024 577 2057 me
614 2023 754 2057 nunc
776 2003 901 2075 jam,
934 2013 991 2056 ut
1023 2006 1262 2075 frugalior
1293 2005 1386 2057 sim
1414 2006 1567 2075 quam

286 2079 406 2129 volt.
1478 2089 1479 2094 ’

144 2145 233 2216 Sy.
269 2148 360 2199 Nil
389 2165 482 2199 vme
523 2146 735 2201 fefellit:
774 2147 977 2216 cognita
1009 2158 1100 2214 est,
1137 2148 1382 2218 quantum
1418 2146 1568 2199 audio

288 2217 433 2287 hujus
459 2221 620 2271 verba.
688 2242 690 2246 ¹

143 2288 281 2340 Istuc
303 2289 396 2341 tibi
416 2308 478 2340 ex
498 2289 746 2341 sententia
766 2293 856 2342 tua
878 2290 1115 2360 obtigisse
1139 2291 1295 2342 laetor.
1531 2297 1562 2343 5

144 2358 229 2412 Cl.
256 2361 305 2412 O
330 2361 402 2412 mi
425 2361 564 2430 Syre,
588 2362 818 2412 audistin'
849 2362 1091 2414 obsecro?
1150 2361 1244 2431 Sy.
1261 2361 1454 2432 quidni,
1479 2363 1566 2432 qui

284 2449 440 2500 usque
463 2434 566 2483 una
588 2431 846 2484 affuerim?

145 2500 224 2554 Cl.
242 2503 354 2642 -ngil
365 2506 509 2572 aeque
535 2504 715 2556 audisti
734 2499 999 2557 commodi:
1019 2501 1291 2574 quidquam
1308 2505 1561 2559 evenisse?

285 2603 306 2625 t
358 2613 370 2625 .
395 2574 538 2626 nulli.

145 2642 227 2697 Cl.
260 2646 445 2714 Atque,
477 2645 546 2696 ita
565 2663 648 2696 me
675 2645 727 2697 di
753 2655 941 2711 ament,
964 2654 1021 2697 ut
1053 2664 1147 2715 ego
1171 2664 1309 2699 nunc
1333 2666 1434 2700 non
1459 2658 1563 2701 tam

243 2743 245 2745 ·
283 2718 484 2785 meapte
511 2719 659 2768 causa
1040 2708 1063 2733 '

138 2783 314 2839 Laetor
335 2790 487 2857 quam
514 2787 664 2852 illius,
689 2806 839 2858 quam
860 2807 954 2859 ego
972 2787 1077 2841 scio
1095 2806 1199 2840 esse
1222 2789 1412 2841 honore
1437 2808 1562 2860 quo-

283 2858 355 2909 vis
379 2859 604 2927 dignam.
668 2887 703 2894 ’-

140 2927 227 2996 Sy.
261 2929 341 2981 Ita
374 2931 554 2982 credo:
591 2930 679 2983 sed
710 2949 864 2997 nunc,
895 2931 1078 2998 Clinia,
1107 2947 1216 2999 age,
1246 2929 1310 2982 da
1343 2939 1395 2982 te
1432 2931 1562 2983 mihi

275 3000 527 3054 vicissim:
1497 3009 1560 3054 10

134 3066 449 3190 Namlarnici
473 3090 672 3144 quoque
701 3091 777 3126 res
801 3085 875 3126 est
897 3074 1128 3142 videnda,
1162 3071 1215 3124 in
1240 3081 1351 3124 tuto
1372 3082 1431 3125 ut
1454 3076 1562 3125 col-

296 3152 483 3206 ocetur,

134 3205 218 3259 Ne
256 3211 377 3279 quid
410 3212 472 3263 de
513 3214 679 3267 amica
712 3233 848 3268 nunc
882 3234 1049 3268 senex.

280 3280 366 3350 Sy.
404 3283 620 3351 quiesce,

132 3345 219 3402 CI.
253 3350 517 3420 Antiphila
553 3373 663 3408 mea
689 3359 845 3410 nubet
868 3357 1016 3410 mihi.

273 3421 606 3493 interloquere
617 3427 635 3478 Ρ

128 3488 215 3544 Cl.
251 3491 392 3547 Quid
425 3495 625 3561 faciam,
651 3498 773 3566 Syre
797 3498 904 3551 mi?
935 3501 1167 3571 -gaudeoz
1204 3501 1278 3551 fer
1296 3515 1396 3549 me.
1470 3497 1556 3566 Sy.

145 3566 153 3577 ¹
273 3565 380 3615 fero
403 3564 572 3617 hercle
596 3570 728 3621 vero.

1143 3213 1192 3268 C
1191 3215 1221 3266 l.
1256 3216 1289 3266 ὃ
1325 3214 1527 3284 Jupiter
1544 3215 1554 3266 !

1092 3356 1177 3426 Sy.
1203 3355 1405 3408 ’siccine
1429 3356 1558 3407 mihi

1680 1718 1745 1758 Cl.
1765 1718 1894 1758 Nulla'
1911 1732 1968 1757 res
1996 1727 2098 1757 tanta
2127 1732 2196 1771 po·

1623 1781 1696 1810 test
1722 1772 1813 1810 mihi
1841 1773 2003 1810 accidere
2025 1771 2195 1823 posthac,

1624 1839 1707 1876 quae
1730 1826 1842 1863 animi
1866 1825 2071 1863 molestiam
2090 1824 2194 1863 vmihi

1622 1880 1762 1930 pariat:
1803 1888 1906 1916 tauta
1939 1878 2070 1916 laetitia
2100 1877 2194 1916 mihi

1619 1931 1778 1969 advenit.
1843 1930 1964 1969 Trado
1999 1944 2059 1968 me
2094 1944 2195 1968 nunc

1620 1992 1741 2022 totum
1763 1986 1802 2022 in
1829 1985 1944 2036 patris
1961 1984 2198 2035 potestatem,

1620 2046 1662 2075 ut
1717 2037 1801 2076 fiam
1854 2038 1966 2074 etiam
2019 2035 2197 2088 frugalior

1616 2090 1730 2139 quam
1746 2092 1862 2142 cupit.
1902 2090 1972 2140 Sy.
1992 2087 2082 2126 Non
2099 2102 2196 2126 erra-

1618 2144 1669 2189 vi,
1701 2145 1787 2180 cum
1823 2143 1875 2180 ita
1904 2154 1983 2180 esse
2007 2141 2193 2191 judicavi:

1618 2197 1800 2245 quantum
1815 2196 1913 2234 enim
1933 2194 2100 2245 intelligo
2116 2207 2196 2232 ver-

1618 2247 1667 2284 ba
1684 2247 1794 2297 hujus
1817 2247 1966 2294 Cliniae,
1995 2246 2196 2299 Antiphila

1617 2299 1640 2338 a
1682 2301 1897 2352 parentibus
1933 2301 2056 2352 agnita
2116 2310 2192 2338 est:

1617 2353 1731 2400 istud,
1762 2363 1805 2392 ut
1836 2353 2000 2405 optabaS,
2032 2353 2195 2390 evenisse

1616 2405 1717 2443 valde
1751 2406 1905 2458 gaudeO.
1981 2405 2041 2444 CI.
2071 2404 2108 2442 O
2139 2406 2192 2443 mi

1616 2456 1720 2510 Syre,
1746 2473 1884 2510 quaeso,
1913 2457 2096 2495 audistine
2114 2470 2193 2495 rem

1617 2520 1733 2550 totam
1774 2512 1820 2550 de
1857 2512 2047 2562 agnitione
2077 2509 2194 2549 Anti-

1615 2563 1754 2615 philae?
1801 2564 1870 2614 Sy.
1901 2564 1978 2601 Cur
1997 2576 2072 2610 non
2090 2562 2194 2600 audi-

1617 2618 1745 2662 verim,
1778 2619 1842 2667 qui
1878 2616 2013 2654 fuerim
2048 2615 2193 2653 assidue

1617 2683 1703 2707 cum
1710 2669 1941 2722 parentibus,
1951 2669 2099 2720 quando
2110 2681 2192 2706 eam

1616 2722 1958 2773 recognoscebant?
2028 2721 2090 2760 Cc.
2116 2720 2191 2758 Cui

1615 2773 1759 2815 homini
1778 2773 1912 2813 audisti
1939 2782 2085 2812 tantum
2108 2787 2192 2816 eve„-

1608 2828 1713 2865 ,nisse
1731 2828 1836 2875 boni,
1861 2836 1905 2865 ut
1918 2825 2015 2864 mihi
2034 2826 2189 2864 evenit?

1612 2881 1683 2932 Sy.
1697 2879 1817 2918 Nulli.
1847 2879 1907 2919 Cl.
1923 2880 2050 2930 Atque
2064 2880 2116 2917 ita
2129 2891 2190 2916 me

1614 2933 1665 2970 dii
1676 2942 1821 2980 ament,
1839 2943 1882 2971 ut
1899 2946 1972 2970 non
1986 2941 2063 2970 tam
2076 2944 2188 2983 prop-

1608 2994 1670 3023 ter
1702 2987 1884 3037 meipsum
1922 2985 2041 3030 laetor,
2077 2983 2188 3034 quam

1611 3047 1759 3089 propter
1802 3038 1901 3076 illam
1934 3035 2187 3087 Antiphilam,

1610 3105 1720 3141 quam
1739 3093 1815 3128 scio
1833 3091 1935 3128 omni
1953 3088 2187 3127 honore-esse

1605 3144 1772 3195 dignam.
1807 3143 1875 3194 Sy.
1891 3142 2010 3180 Credo
2024 3142 2077 3178 sic
2093 3153 2190 3188 esse,

1610 3204 1655 3233 ut
1680 3197 1757 3233 ais:
1789 3197 1865 3241 sed,
1890 3196 1913 3233 ὁ
1942 3193 2078 3238 Clinia,
2111 3196 2185 3282 eff,

1611 3261 1677 3300 age
1707 3262 1820 3294 nunc,
1847 3248 2049 3296 obsequere
2062 3246 2128 3285 ,mi
2158 3247 2186 3292 i,

1610 3311 1654 3338 ut
1670 3301 1739 3338 tibi
1754 3314 1841 3338 sum·
1851 3300 2068 3337 obsecutus:
2088 3311 2180 3335 narn

1609 3362 1652 3391 ut
1683 3353 1792 3390 amici
1827 3366 1885 3389 res
1927 3362 2027 3389 extra
2071 3363 2184 3388 mnne

1609 3405 1813 3456 periculum
1841 3406 1904 3450 sit,
1931 3405 2043 3448 etiam
2062 3404 2186 3454 provi-

1609 3456 1768 3495 dendum
1783 3469 1855 3504 est,
1875 3470 1921 3494 ne
1935 3469 2049 3494 senex
2063 3454 2180 3492 Chre-

1608 3523 1684 3547 mes
1716 3510 1808 3548 sciat
1837 3521 1937 3548 nunc
1964 3508 2103 3559 aliquid
2133 3507 2180 3545 de

1605 3562 1721 3599 amica
1737 3561 1966 3614 Clitiphonis
1980 3559 2181 3599 Bacchide.

1609 3615 1669 3652 Cc.
1687 3613 1723 3651 O
1742 3613 1912 3666 Jupiter!
1952 3614 2022 3664 Sy.
2048 3612 2181 3651 Mane.

134 3667 196 3706 cl.
221 3668 418 3721 Antiphila
441 3670 533 3709 mihi
557 3671 704 3712 dabitur
729 3674 768 3711 in
796 3687 961 3713 uxorem.
1013 3675 1089 3726 aSy.x
1110 3673 1222 3712 Sicne
1241 3687 1300 3711 me
1320 3671 1530 3724 interpellas
1548 3668 1790 3719 loquentem?
1851 3667 1910 3706 Cc.
1937 3665 1973 3704 Ο
1992 3666 2043 3703 mi
2071 3663 2176 3717 Syre,

132 3720 220 3771 quid
238 3721 393 3763 faciam?
423 3737 499 3778 prae
517 3725 634 3765 nimio
650 3725 787 3778 gaudio
801 3739 875 3767 non
889 3739 970 3769 sum
984 3727 1084 3780 apud
1100 3741 1179 3774 me;
1209 3735 1331 3779 patere
1343 3738 1417 3765 me.
1467 3725 1538 3777 Sy.
1564 3720 1674 3760 Certe
1688 3721 1807 3773 patior
1823 3721 1920 3773 aegre
1934 3719 2096 3772 quidem·
