2314 3944
153 143 259 196 246

153 290 196 322 et
213 296 295 323 earn
313 284 454 322 secreto
472 282 617 321 educat.
659 279 730 320 Ch.

151 335 300 399 interii.
353 338 431 399 Ρξι.
459 334 573 374 Haec-
590 334 731 386 prolixe
783 352 870 403 Ph

151 389 208 428 illi
244 388 484 428 renunciabo.
550 386 619 426 Ch.
659 385 732 425 Per
873 392 885 405 ·
992 425 1004 435 ‚

153 442 241 480 deos
273 450 311 480 te
342 443 508 480 obtestor
530 453 575 477 ne
605 438 730 478 facias.
783 423 866 476 Ne
909 426 1079 479 facias,

150 495 222 534 Ph.
252 494 339 533 Ho!
378 508 426 532 an
452 502 535 530 tute
564 493 597 530 is
617 493 725 531 eras?

149 548 221 587 De.
245 546 369 590 Quam
391 555 459 584 nos
487 545 648 584 ludibrio
662 544 728 584 ha-

148 600 241 640 bet?
270 600 344 638 Ch.
375 599 539 637 Missum
567 607 607 637 te
638 598 728 636 faci-

125 667 244 692 Νῐῐιιιε.
273 654 343 693 Ph.
377 651 529 690 Fabulae
554 660 593 689 et
620 663 728 690 men-
760 700 763 705 Ἴ

146 706 249 744 dacia
279 714 368 744 sunt
391 715 525 743 vestrae
543 703 725 756 pollicita-

145 759 280 797 tiones.
339 758 437 798 ·Ch.
476 756 584 801 Quid
623 759 723 810 petis

144 811 337 862 amplius?
384 821 593 863 argentum,
625 811 724 862 quod

143 863 167 902 a
199 864 309 902 nobis
340 862 469 910 habes,
487 864 568 902 >tibi
595 865 724 902 remi-t-

141 917 274 964 fimus,
304 926 345 955 et
375 918 611 955 concedimus
630 917 724 956 libe-

141 971 322 1008 rationem
365 971 444 1021 ejus
475 969 722 1022 obligationis.

142 1023 214 1061 Pk.
243 1023 392 1062 Audio:
421 1023 617 1074 acquiesco
641 1037 721 1062 ves-

141 1085 210 1120 trae
242 1077 459 1115 sententiae:
501 1075 590 1128 quid
617 1090 720 1129 ergo,

140 1129 305 1168 malum!
347 1142 407 1168 me
442 1130 496 1168 sic
511 1130 591 1181 per
615 1130 721 1168 lasei-

139 1183 236 1220 viam
282 1182 424 1230 luditis,
470 1183 591 1230 stulti,
635 1183 722 1222 levi-

135 1234 226 1282 bus,
253 1236 369 1275 instar
399 1249 613 1287 puerorum,
636 1250 723 1288 pro-

136 1289 439 1336 missisbvnolo,
471 1289 579 1328 volo:
621 1290 719 1338 volo,

136 1341 227 1382 nolo
262 1354 431 1380 rursum:
467 1355 573 1394 cape,
601 1343 713 1382 cedo:

135 1394 236 1445 quod
251 1395 362 1433 modo
377 1396 573 1446 probatum
592 1404 630 1432 et
649 1396 716 1434 fix-

134 1460 201 1486 um
237 1445 330 1496 erat,
352 1450 489 1487 vstatim
533 1449 717 1501 improba-

134 1508 218 1539 tum
250 1509 319 1540 est.
363 1500 714 1550 ommno-modo,

133 1562 202 1592 aut
228 1553 251 1593 a
276 1554 412 1606 quibus
447 1555 546 1594 istud
574 1555 717 1594 inaudi-

133 1607 204 1653 vit,
243 1616 295 1646 et·
318 1607 411 1646 scire
446 1609 598 1661 potuit?
641 1610 713 1648 De.

132 1657 297 1711 Ignoro‘:
345 1674 463 1700 unum
498 1663 589 1710 scio,
624 1662 717 1701 nulli

132 1711 407 1752 hominum'me
421 1714 492 1753 hoc
500 1716 640 1754 ‘secreti
652 1716 717 1754 de·

133 1766 284 1805 texisse.
330 1767 400 1806 Ch.
423 1767 555 1814 'Istud,'
575 1769 628 1808 ita
662 1769 714 1808 dii

134 1818 230 1859 mihi
256 1819 418 1868 faveant,
451 1822 612 1874 prodigii
656 1823 715 1860 in·

133 1880 212 1910 star
221 1882 290 1911 est.
330 1874 401 1911 Ph.
428 1871 546 1925 Injleci
560 1887 716 1927 scrupu-

130 1924 212 1964 lum
229 1925 458 1965 hominibus.
503 1928 576 1967 De.
610 1926 715 1967 Hoc-

131 1979 218 2017 cine
235 1979 325 2027 fiet,
357 1989 399 2018 ut
429 1980 452 2018 ὲ
483 1981 591 2020 nobis
616 1980 712 2020 hanc

129 2032 324 2084 ingentem
339 2046 522 2073 summam
541 2035 712 2086 pecuniae

130 2087 374 2137 extorqueat?
403 2087 514 2133 mori,
530 2101 596 2140 per
614 2086 712 2127 Her-

129 2138 270 2186 culem,
301 2140 614 2192 omnin05potius
643 2150 711 2179 est.

129 2190 299 2230 Ostende
312 2205 401 2245 ergo
428 2202 467 2231 te
486 2194 708 2243 animosum,

128 2251 170 2281 et
185 2243 335 2292 fortem,
350 2247 449 2284 sicut
462 2247 578 2285 virum
590 2247 710 2287 decet.

129 2295 263 2335 Cernis
280 2298 427 2350 culpam
444 2307 546 2338 tuam
569 2302 610 2338 in
630 2301 710 2340 vul-

126 2363 201 2440 gus
218 2350 375 2389 delatam
408 2365 501 2400 esse,
520 2362 558 2391 ετ
589 2355 709 2393 mani·

144 2412 318 2451 estatam3
347 2419 469 2456 neque
483 2415 522 2443 te
544 2417 627 2445 eam
641 2421 708 2446 ux-

126 2457 182 2494 ori
201 2465 278 2495 tuoe
289 2458 475 2497 occultare
486 2459 564 2509 jam
578 2474 705 2512 posse:

126 2522 231 2547 nunc
265 2510 356 2549 illud
392 2512 636 2560 commodius,
667 2522 706 2552 et

127 2562 280 2601 validius
313 2565 384 2602 erit
413 2564 459 2604 ad
491 2565 704 2616 placandam

127 2613 414 2663 Nausistratam‚
434 2619 464 2656 si
490 2619 543 2656 illi
567 2620 704 2658 -refera-

128 2678 212 2706 mus
231 2681 377 2710 nosmet
388 2672 705 2762 ipsi,q1-}odalihei

125 2722 338 2762 nunciaturi
355 2734 454 2762 sunt.
540 2739 583 2764 oc
597 2735 707 2778 pacto

124 2774 238 2812 etiam
269 2776 315 2814 de
340 2775 414 2815 hoc
444 2778 639 2830 flagitiose,
667 2788 705 2818 et

125 2829 230 2866 omni
271 2829 407 2868 scelere
438 2833 703 2880 contaminato,

124 2888 255 2919 nostro
271 2882 421 2920 arbitrio
445 2883 624 2923 ultionem
642 2900 703 2924 su-

124 2945 228 2972 mere
263 2936 481 2986 poterimuS.
538 2938 609 2976 Ph.
651 2938 704 2976 At

123 2994 180 3034 at,
212 2987 283 3025 nisi
310 2987 421 3026 saluti
452 3002 546 3027 meae
580 3004 702 3038 caven,

123 3039 166 3078 in
193 3040 238 3079 ea
257 3040 483 3080 *difficultate
515 3043 704 3082 involven-

122 3092 193 3130 dus
219 3102 258 3131 et
277 3094 518 3146 implicandus
535 3109 632 3144 sum,
661 3106 703 3136 ut

763 136 1205 215 P.,TERENT11
1241 139 1606 224 racemo,

783 280 1049 350 Suscepit:
1087 291 1138 334 et
1161 299 1272 334 eam
1299 284 1434 336 clam
1459 285 1647 341 educit.
1688 286 1782 343 Ch.
1805 292 2028 362 sepultus
2050 295 2186 350 sum.

923 353 1058 406 Haec
1081 354 1209 407 adeo
1226 357 1321 423 ego
1341 355 1417 407 illi
1433 353 1547 423 jam*
1561 356 1848 418 denarrabo.
1889 361 1983 419 Ch.
2004 360 2212 418 ohsec'ro

1140 422 1246 480 Ph.
1291 425 1390 479 oh!
1428 426 1538 480 tun’
1577 427 1617 480 is
1648 430 1794 485 eras?
1832 434 1936 488 De.
1971 445 2030 488 ut
2062 433 2208 493 ludos

922 495 1074 549 facit!
1647 503 1649 505 ’
2152 507 2158 513 ”’
2196 504 2213 518 '

785 564 876 641 Ch.
914 567 1135 692 Mkissum
1158 578 1209 621 te
1233 569 1464 624 facimus,
1500 571 1601 624 Ph.
1627 572 1826 627 fabulae.
1870 574 1960 631 Ch.
1988 579 2110 651 quid
2133 579 2207 633 vis

918 638 959 690 ti
1000 640 1051 692 i?
1239 641 1241 643 ’
1989 647 1995 652 “
2026 644 2027 650 ’
2060 645 2066 658 ’
2147 652 2151 658 “

777 709 1079 778 Argentum,
1104 713 1239 783 quod
1257 713 1428 778 habeS,
1448 714 1792 768 condonamus
1809 724 1879 770 te.
1903 718 2003 775 Ph.
2022 721 2206 776 audio:

778 781 918 838 Quid
941 785 1042 849 vos,
1062 783 1272 849 malum,
1297 802 1416 854 ergo
1436 802 1519 837 me
1542 782 1614 837 sic
1637 785 2005 859 ludificamini,
2042 791 2044 802 ³
2073 782 2082 811 ⁸
2130 796 2200 846 55

775 851 961 923 Inepti‚
986 854 1148 917 vostra
1170 855 1354 928 puerili
1378 857 1663 909 sententia?
1733 859 1738 867 '
1832 860 1835 864 ’
1869 862 1871 866 ⁴
2114 866 2118 869 ’

776 923 929 990 Nolo,
948 926 1094 981 volo:
1134 930 1263 993 volo,
1288 930 1410 980 nolo
1432 947 1627 981 rursum
1649 950 1661 982 z
1701 930 1843 997 cedo,
1868 948 2024 1002 cape:

776 996 931 1071 Quod
967 996 1181 1064 dictum,
1214 999 1464 1070 indictum
1503 1009 1608 1055 est:
1646 1002 1782 1076 quod
1819 1003 1974 1057 mod&
1997 1013 2103 1058 erat
2118 1004 2204 1063 ra·

808 1080 813 1090 '⁴
916 1079 1045 1136 tum,
1070 1071 1265 1125 irritum
1291 1082 1380 1124 est.
1670 1097 1672 1099 ·
1704 1072 1742 1078 '⁴
1824 1077 1827 1078 ⁷
1930 1072 1949 1081 ”

778 1141 869 1215 Οξι.
906 1141 1241 1226 Qudpacto,
1266 1152 1354 1196 aut
1388 1145 1524 1198 unde
1560 1145 1673 1215 haec
1714 1145 1798 1198 hic
1822 1146 2059 1229 rescivit?
2095 1146 2202 1235 DJ.

804 1233 807 1236 ·
914 1231 1119 1267 nescio:

771 1284 903 1352 Nisi,
923 1304 1007 1356 me
1031 1286 1211 1340 dixisse
1236 1287 1447 1357 nemini,
1465 1288 1517 1342 id
1542 1289 1678 1341 certo
1700 1288 1822 1343 scio.
2128 1297 2202 1347 60.

775 1352 867 1408 Ch.
904 1350 1139 1423 Monstri,
1177 1360 1247 1412 ita
1282 1377 1364 1411 me
1386 1354 1437 1410 di
1461 1353 1650 1427 ament,
1673 1360 1857 1414 simile.
1917 1361 2020 1434 Ph.
2048 1351 2204 1435 injeci

909 1433 1229 1500 scrupulum.
1257 1430 1358 1484 De.
1385 1431 1538 1483 hem!
2003 1437 2006 1440 ’
2075 1435 2082 1447 “

768 1500 994 1568 Hiccine
1017 1512 1075 1554 ut
1099 1503 1128 1554 a
1152 1502 1296 1554 nobis
1319 1503 1418 1554 hoc
1441 1513 1641 1556 tantum
1667 1505 1863 1574 argenti
1886 1502 2095 1576 auferat,-

766 1567 899 1624 T'am
924 1576 1092 1643 aperte
1117 1574 1355 1626 irridens!
1396 1575 1556 1627 emori
1580 1576 1750 1627 hercle
1773 1576 1930 1630 satius
1946 1570 2039 1652 est)
2096 1579 2117 1596 ⁸

769 1644 962 1713 Animo
985 1645 1118 1713 virili
1144 1647 1479 1717 praesentique
1505 1656 1560 1698 ut
1583 1647 1664 1710 εἰς,
1689 1666 1826 1717 para.
1973 1665 1978 1671 ’
2013 1653 2036 1672 ¹'

769 1715 920 1768 Vides
937 1707 1084 1780 tuum
1109 1727 1379 1788 peccatum
1399 1736 1503 1770 esse
1528 1719 1718 1771 elatum
1742 1715 1888 1792 foras,

767 1786 949 1859 Neque
959 1786 1068 1858 jam
1095 1790 1147 1842 id
1173 1792 1334 1843 celare
1359 1809 1500 1859 posse
1525 1802 1575 1842 te
1598 1809 1805 1862 uxorem
1832 1791 2016 1844 tuam?

767 1857 922 1929 Nunc
947 1862 1080 1930 quod
1105 1861 1210 1931 ipsa
1234 1879 1294 1912 ex
1319 1861 1431 1913 aliis
1453 1858 1682 1914 auditura
1705 1859 2051 1935 sit,'Chreme,

767 1931 828 1983 Id
847 1941 1046 1983 nosmet
1069 1932 1291 2002 indicare
1313 1927 1608 2002 placabilius
1627 1942 1715 1988 est.
1910 1934 1913 1939 ’

765 2001 903 2055 Tum
928 2003 1066 2056 hunc
1091 2003 1400 2075 impuratum
1421 2003 1698 2074 poterimus
1722 2012 1890 2057 nostro
1912 2003 2067 2058 modo

764 2073 979 2127 Ulcisci.
1017 2076 1118 2128 Ph.
1143 2086 1194 2128 at
1212 2085 1278 2139 at,
1301 2076 1397 2128 nisi
1421 2075 1550 2128 mihi
1574 2075 1841 2148 prospicio,
1864 2073 2067 2148 haerent
2122 2075 2196 2142 70

766 2145 844 2198 Hi
867 2147 1163 2216 gladiatorio
1187 2146 1360 2215 animo
1384 2147 1556 2200 adme
1580 2146 1820 2218 affectant
1839 2143 2011 2216 viam.⁴
2162 2143 2172 2155 ¹

767 2214 860 2272 Ch.
888 2218 959 2271 At
977 2216 1151 2271 vereor
1163 2229 1221 2272 ut
1237 2219 1425 2290 placari
1445 2219 1614 2290 possit.
1639 2219 1743 2271 De.
1762 2219 1898 2271 bono
1918 2219 2092 2273 animo
2109 2234 2161 2274 es
2178 2237 2194 2272 ε

760 2289 879 2358 Ego
904 2290 1131 2359 redigam
1157 2308 1239 2343 vos
1264 2292 1318 2343 in
1341 2284 1555 2360 gratiam
1578 2310 1592 2345 :
1632 2291 1730 2343 hoc
1755 2286 2195 2364 fretus,”Chreme‚

763 2360 895 2413 Cum
914 2364 943 2415 ὲ
963 2362 1132 2415 medio
1151 2363 1378 2426 excessit,
1403 2363 1539 2415 unde
1562 2363 1674 2416 haec
1693 2359 2024 2437 'suscepta'est
2040 2362 2156 2417 tibi.

761 2432 864 2485 Ph.
889 2433 1033 2486 Itane
1053 2452 1257 2488 mecum
1277 2435 1460 2504 agitis?
1486 2434 1601 2487 satis
1621 2437 1781 2486 astute
1801 2431 2172 2504 aggredimini:

759 2504 879 2557 Non
900 2505 1069 2558 hercle
1095 2525 1158 2559 ex
1176 2525 1228 2558 re
1254 2507 1393 2559 istius
1413 2525 1497 2558 me
1521 2506 1784 2575 instigasti,
1806 2505 2088 2579 Demipho.
2114 2508 2187 2571 76

758 2578 841 2634 An
865 2586 940 2642 tu,
962 2577 1051 2630 ubi
1078 2579 1191 2648 quae
1213 2579 1414 2632 libitum
1438 2579 1603 2642 fuerit,
1627 2579 1833 2648 peregre
1853 2575 2047 2649 feceris,

759 2647 941 2719 Neque
964 2647 1113 2717 hujus
1137 2649 1201 2702 sis
1225 2649 1408 2702 veritus
1428 2650 1657 2702 foeminae
1682 2649 1952 2719 primariae,

759 2719 908 2772 Novo
928 2721 1080 2774 modo
1099 2722 1147 2773 ei
1167 2721 1290 2791 quin
1312 2724 1498 2774 faceres
1519 2721 1884 2773 contumeliam
1902 2741 1918 2786 ;
1965 2742 1968 2745 ’

756 2790 940 2844 Venias
961 2811 1096 2845 nunc
1121 2794 1352 2862 precibus
1377 2795 1574 2846 lautum
1594 2802 1862 2863 peccatum
1884 2791 2070 2845 tuum?
2115 2795 2187 2844 80

759 2863 919 2915 Hisce
944 2882 1039 2932 ego
1064 2865 1204 2916 illam
1231 2865 1377 2917 dictis
1403 2865 1473 2916 ita
1495 2864 1588 2917 tibi
1614 2865 1871 2916 incensam
1898 2861 2044 2927 dabo,
2141 2868 2146 2872 ’
2179 2863 2183 2867 ’

758 2933 831 2985 Ut
855 2954 919 2987 ne
944 2936 1218 3005 restinguas
1241 2934 1476 2988 lacrumis
1500 2935 1542 2987 si
1565 2934 1902 2987 exstillaveriS.

756 3004 860 3058 De.
898 3006 1119 3074 Malum,
1142 3009 1277 3078 quod
1298 3007 1379 3060 isti
1402 3007 1702 3076 di„deaeque
1724 3022 1899 3075 omnes
1919 3002 2085 3078 duint.

2074 1687 2094 1703 “
2127 1723 2199 1776 65

122 3145 211 3183 inde
228 3148 326 3198 aegre
345 3161 404 3186 me
423 3144 634 3201 expediam:
665 3149 706 3188 hi
731 3159 905 3201 tanquam
949 3150 1139 3190 ladiatores
1153 3152 1290 3191 adversi
1309 3153 1346 3190 in
1369 3166 1429 3192 me
1455 3151 1630 3196 tendunt,
1648 3149 1773 3189 audaci
1789 3158 1827 3187 et
1845 3150 2025 3200 pertinaci
2045 3151 2090 3191 ad
2107 3151 2186 3191 exi-

121 3198 218 3236 tium
234 3213 359 3238 meum
378 3203 513 3240 animo.
546 3202 617 3242 Ch.
631 3205 686 3241 At
700 3213 828 3241 metuo
844 3214 887 3242 ut
947 3205 1136 3243 ausistrata
1155 3206 1316 3258 mitigari
1342 3214 1379 3242 et
1402 3205 1517 3244 sedari
1534 3206 1661 3256 possit.
1715 3203 1787 3241 De.
1804 3200 1965 3242 Securus
1982 3213 2084 3243 esto:
2111 3218 2185 3257 ego

121 3263 187 3289 vos
206 3254 245 3289 in
260 3256 491 3293 concordiam
510 3255 694 3303 reduoem,
714 3257 806 3295 etin
821 3257 975 3308 gratiam
993 3257 1260 3296 reconciliabo:
1289 3256 1362 3296 hoc
1379 3258 1553 3303 confisus,
1567 3257 1665 3309 qnod
1679 3255 1761 3294 haec
1779 3255 1913 3294 mulier
1925 3257 1948 3294 ὲ
1972 3258 2060 3296 vivis
2076 3257 2185 3305 abiit,

121 3314 171 3342 ex
187 3305 261 3354 qua
274 3304 370 3344 hanc
385 3309 564 3360 virginem
592 3310 797 3361 suscepisti.
837 3311 907 3348 Ph.
937 3309 1044 3348 Itane
1063 3324 1124 3348 vos
1152 3311 1263 3362 igitur
1286 3323 1370 3362 erga
1389 3325 1446 3349 me
1460 3312 1617 3363 geritis?
1647 3309 1747 3347 Satis
1767 3322 1825 3347 me
1843 3308 1971 3347 callide
1987 3310 2185 3349 adorimini

120 3356 264 3396 scilicet
277 3387 286 3397 .
314 3357 387 3398 Per
403 3359 619 3408 Herculem,
649 3360 857 3414 Demipho,
878 3376 952 3401 non
970 3373 1027 3401 est
1044 3363 1136 3401 utile
1156 3363 1218 3400 isti
1244 3362 1435 3402 Chremeti
1455 3378 1523 3403 nec
1551 3364 1802 3409 commodum,
1818 3362 1917 3412 quod
1935 3375 2003 3400 me
2020 3363 2186 3403 irritanti.

118 3408 175 3448 At
191 3418 235 3448 tu
253 3413 350 3458 verb,
367 3412 542 3462 Chreme,
561 3425 755 3466 postquam
783 3416 935 3467 peregre
959 3417 996 3453 in
1017 3414 1162 3454 Lemno
1179 3429 1290 3468 agens
1309 3417 1451 3455 libidini
1475 3428 1548 3456 tuae
1566 3417 1800 3462 satisfeceris,
1830 3427 1899 3453 nec
1922 3425 1962 3453 te
1979 3416 2183 3467 quidquam

118 3463 294 3514 puduerit
318 3464 484 3505 foeminm
503 3469 567 3506 uni
586 3482 631 3507 ex
650 3470 830 3519 primariis
850 3483 944 3507 novo
969 3468 1079 3507 modo
1098 3468 1216 3506 facere
1234 3470 1426 3519 injuriam3
1457 3484 1557 3509 nunc
1576 3472 1698 3509 venias
1716 3477 1913 3521 purgatum
1933 3469 2102 3518 precibus
2117 3467 2184 3507 fla·

114 3515 211 3605 fitia
241 3518 328 3554 tua?
357 3518 509 3558 Talibus
528 3534 599 3573 ego
615 3521 717 3559 illam
732 3522 838 3559 dictis
857 3523 908 3561 ita
925 3522 1186 3560 inflammatam
1205 3523 1257 3560 ira
1276 3524 1314 3561 in
1328 3532 1366 3562 te
1379 3525 1542 3572 reddam,
1560 3533 1603 3563 ut
1619 3538 1666 3562 ne
1679 3522 1896 3572 restinguas,
1913 3522 2024 3560 etiam
2037 3521 2069 3560 si
2077 3529 2182 3560 totta

115 3566 314 3660 ghrymis
331 3571 551 3622 liquefactus
567 3574 732 3617 stillatim
759 3575 863 3617 fluas.
917 3576 989 3616 De.
1016 3573 1180 3625 Malum,
1198 3577 1299 3629 quod
1316 3577 1384 3629 dii,
1398 3577 1549 3632 deaeque
1568 3590 1697 3620 omnes
1715 3575 1737 3617 ἰ
1753 3574 1860 3616 nobis
1888 3582 2069 3626 avertant,
2086 3581 2126 3615 et
2137 3573 2178 3614 iu

167 3634 234 3663 um
249 3631 406 3664 vertant.
669 3647 672 3649 >
