2314 3944
110 131 213 191 158

365 216 374 237 Ι

105 266 176 310 me
186 282 298 320 quem
309 267 491 310 beneflcio
501 269 679 320 acquiras,

105 325 210 366 omni
236 323 357 362 studio
386 322 505 361 libens
521 322 680 361 officium

105 376 220 415 facit:
267 386 372 424 curat
410 376 602 428 diligenter
629 374 681 411 vi·-

106 430 228 468 eissim
252 428 485 470 benefacere:
523 429 596 465 sive
619 427 682 464 ad·-

101 482 154 525 ¹tit
191 482 327 526 coram,
359 481 416 518 vel
450 482 544 519 clam
572 481 682 528 absit,

105 535 264 573 similem
280 535 335 571 sui
350 542 492 584 semper
509 547 548 570 se
566 543 683 584 geret.

106 586 194 627 Hoc
209 597 349 640 patrem
366 587 473 623 decet
490 587 614 638 potius
629 601 686 624 as-

106 641 291 679 suefacere
321 638 438 677 filium
466 639 623 677 libenter
647 647 686 677 et

105 694 205 732 uitro
238 692 338 730 recte
370 691 550 739 faciendo,
575 692 685 743 quam

106 745 281 786 terrendo
299 745 477 795 exemplis
488 745 686 798 propositis

107 811 300 851 poenarum
327 797 540 836 alienarum.
578 797 686 836 -Haec

109 850 316 892 differentia
348 859 404 887 est
422 851 520 888 inter
543 863 686 902 patrem

109 917 152 942 ac
171 904 378 942 dominum.
421 902 502 946 Qui
520 917 595 942 non
623 918 687 954 poa

109 965 185 996 test
201 957 313 995 talem
333 969 374 999 se
398 965 581 1008 praestare,
600 969 689 995 con-

727 125 785 180 P.
819 87 1180 177 TERENTH·
1197 115 1555 182 5A‘DELP'H1.

732 267 828 319 Ille
846 285 999 336 quem
1023 265 1276 318 beneficio
1299 267 1558 338 adjungaS,
1582 283 1646 321 ex
1668 269 1840 322 animo
1865 268 2016 324 facit:
2038 263 2043 267 ⁹
2068 304 2078 308 >⁷
2146 255 2156 273 ³

735 338 917 390 Studet
936 357 1024 407 par
1041 340 1238 402 referre,
1258 355 1475 406 praesens
1500 341 1774 411 absensque
1799 342 1933 393 idem
1959 341 2072 395 erit.
2124 378 2128 382 -

737 409 858 460 Hoc
882 411 1101 479 patrium
1128 418 1216 473 est,
1242 409 1406 477 potiiis
1431 413 1778 464 consuefacere
1802 413 1968 465 filium

738 481 843 531 Sua
866 483 1202 549 sponte'recte
1228 482 1407 545 facere,
1432 483 1585 549 quam
1607 483 1772 534 alieno
1792 495 1947 536 metu.

739 551 859 603 Hoc
877 561 1018 621 pater
1035 571 1094 604 ae
1120 552 1351 604 dominus
1376 553 1593 604 interest.
1617 553 1714 604 hoc
1735 556 1819 623 qui
1843 555 2034 625 nequit,

738 623 977 674 Fateatur
993 642 1045 674 se
1069 623 1262 675 nescire
1287 623 1533 693 imperare
1557 623 1743 675 liberis.

739 694 841 761 Sed
865 706 1004 746 estne
1020 695 1108 746 hic
1133 695 1281 763 ipsuS‚
1304 695 1366 746 dc
1390 713 1490 764 quo
1513 697 1760 763 agebam?
1788 705 1839 747 et
1858 698 2056 750 certeis
2076 705 2168 749 est.

737 765 926 817 Nescio
950 767 1070 835 quid
1094 767 1287 817 tristem
1314 767 1488 818 video:
1528 767 1678 818 credo
1693 765 1819 835 jam,
1843 777 1901 819 ut
1922 769 2066 835 solet,

739 837 995 905 Jurgabit.
1068 837 1272 891 Salvom
1296 847 1347 889 te
1371 838 1621 903 advenire,
1646 838 1862 905 Demea,

740 909 1049 968 GaudemuS.

2093 486 2164 535 50

2097 845 2163 894 55

112 1009 218 1048 cedat
239 1008 300 1047 hic
319 1018 462 1060 oportet
485 1023 525 1047 se
551 1011 720 1061 ignarum
739 1002 818 1049 esde
835 1013 984 1062 regendi
1011 1011 1208 1051 liberorum
1236 1014 1398 1064 ingenia.
1451 1011 1526 1052 Sed
1544 1022 1648 1051 estne
1666 1010 1729 1052 hic
1747 1013 1826 1066 ipse
1843 1012 2067 1066 Demeafde
2092 1029 2170 1068 quo

111 1062 316 1114 loquebar?
346 1060 532 1114 Equidem
551 1064 581 1100 is
600 1064 676 1115 ipse
700 1072 768 1101 est.
821 1063 962 1103 Nescio
980 1074 1129 1118 propter
1146 1066 1234 1116 quid
1253 1067 1369 1106 tristis
1391 1065 1483 1105 mihi
1502 1067 1668 1107 videtur:
1696 1077 1790 1120 puto
1803 1068 1882 1118 jam
1900 1072 1968 1122 p'ro
1986 1081 2087 1108 more
2104 1083 2171 1109 suo

108 1116 242 1172 jurgiis
259 1127 406 1155 mecum
423 1125 520 1168 aget.
575 1114 725 1155 Salvum
740 1125 776 1156 te
793 1117 920 1159 adesse
937 1118 1056 1167 laetor,
1073 1118 1232 1159 Demea.

551 1352 1742 1445 ACTUSI.SCENA1L

176 1695 248 1736 De.
274 1694 399 1735 Hem!
427 1694 634 1741 commode,
656 1697 697 1734 in

122 1759 288 1802 tempore
313 1750 459 1788 advenis
473 1763 482 1785 t
511 1750 696 1800 teipsum

120 1815 248 1855 quaero
277 1804 417 1841 sedulo.
483 1803 556 1840 Mi.
593 1800 698 1845 Quid

121 1866 275 1894 moestus
289 1857 359 1894 es?
395 1857 465 1894 De.
487 1853 697 1906 Interrogas

119 1922 182 1947 me
200 1910 292 1959 quid
308 1909 420 1946 tristis
438 1910 523 1954 sim,
541 1909 628 1947 enm
655 1909 698 1945 fi-

122 1960 216 2000 lium
230 1961 451 2000 sEschinum
470 1960 696 1999 habeamus?

123 2012 272 2066 Nempe
316 2016 396 2065 ejus
440 2015 569 2053 caussa
616 2027 698 2051 sum

122 2068 236 2106 tristis
282 2076 322 2106 et
364 2067 553 2106 sollicitus.
624 2068 699 2105 Mi.

123 2119 263 2158 Nonne
287 2123 372 2159 vere
402 2122 477 2159 dixi
496 2120 601 2159 illum
619 2135 700 2158 mo-

123 2175 446 2225 rosejurgatrirum
464 2187 544 2211 esse
560 2175 574 2212 ?
597 2172 701 2217 Quid

124 2227 158 2265 is
184 2225 301 2264 fecit?
335 2228 403 2264 De.
428 2225 531 2270 Quid
559 2226 702 2273 fecerit,

122 2281 282 2330 quaeris?
330 2281 394 2332 qui
422 2293 540 2330 neque
563 2281 703 2332 pudore

124 2332 204 2370 ullo
235 2333 411 2379 afficitur3
449 2347 571 2384 neque
602 2347 706 2371 vere-

123 2394 187 2424 tur
214 2400 439 2437 quenquam,
475 2395 541 2424 aut
570 2388 703 2433 tirnct3

127 2451 250 2489 neque
277 2441 435 2476 aestimat
463 2453 502 2477 se
521 2439 595 2477 ull-a
621 2440 703 2492 lege

127 2491 294 2544 obligari.
318 2492 360 2529 ιΝ
368 2501 426 2529 am
445 2507 529 2544 quae
546 2492 703 2531 antehac

125 2543 212 2583 fecit
243 2553 441 2596 praetereo:
482 2547 505 2584 ὀ
533 2559 704 2597 quaenam

130 2599 240 2636 modo
254 2597 412 2636 nefanda
428 2599 547 2651 palam
562 2600 701 2650 gessit?

130 2651 206 2690 Mi.
238 2650 428 2694 Quidnam
461 2653 498 2690 id
517 2653 600 2690 est?
636 2653 706 2691 De.

130 2702 277 2742 Portam
298 2706 395 2756 rupit
414 2705 566 2752 aedium,
590 2706 627 2743 in
656 2718 708 2742 ae-

130 2756 196 2795 des
231 2757 360 2810 irrupit
390 2758 548 2795 alienas:
588 2759 708 2810 ipsum

130 2810 324 2848 dominum
339 2824 424 2848 cum
450 2813 552 2849 omni
571 2809 710 2850 familiai

129 2862 346 2910 verberavit,
387 2864 523 2901 ictibus
577 2864 711 2902 lacera-

130 2916 200 2962 νὴ,
237 2929 278 2953 ac
314 2918 408 2967 pene
442 2916 603 2955 occidit:
646 2931 711 2969 per

131 2969 206 3007 vim
235 2969 389 3007 abduxit
421 2970 613 3008 mulierem
644 2984 709 3008 cu-

126 3021 191 3072 Jus
220 3025 352 3060 'amore
385 3023 565 3074 impulsus
607 3033 705 3061 erat:

133 3076 255 3113 omnis
291 3075 448 3127 populus
491 3075 710 3114 vociferatur

132 3128 313 3166 nefarium
329 3129 448 3166 scelus
472 3130 708 3168 commissum

134 3194 236 3220 esse:
265 3191 360 3230 quot
377 3180 471 3220 mihi
499 3180 574 3221 huc
605 3183 709 3219 veni-

132 3234 225 3280 enti,
264 3232 394 3280 Mitio,
435 3233 507 3273 hoc
555 3237 710 3274 nuncia-

128 3289 284 3326 verunt!
332 3286 464 3326 Factus
503 3298 560 3326 est
594 3290 708 3326 totius

132 3340 261 3391 populi
303 3340 430 3379 fabula
469 3352 508 3379 et
547 3342 708 3392 querela.

135 3389 248 3435 Quod
278 3393 309 3430 si
341 3393 553 3444 exemplum
576 3408 710 3447 propo·

131 3457 220 3482 nere
234 3445 324 3483 utile
335 3455 405 3493 est,
422 3460 544 3485 nonne
557 3447 710 3487 advertit

855 1507 1139 1595 DEMEA.
1211 1541 1442 1601 MITIO.

748 1696 851 1749 De.
889 1696 1064 1749 Ennia
1089 1696 1098 1748 !
1137 1699 1452 1768 opportune:
1482 1706 1542 1750 *te
1568 1697 1733 1767 ipsum
1759 1696 1990 1766 quaerito.
2244 1746 2249 1752 .

749 1769 850 1820 Mi.
889 1769 1028 1823 Quid
1063 1768 1213 1820 tristis
1262 1787 1312 1820 es
1333 1770 1351 1820 ?
1404 1769 1509 1822 De.
1567 1786 1710 1838 rogas
1747 1786 1863 1834 me,
1889 1769 1979 1822 ubi
2034 1766 2176 1822 nobis

892 1839 1166 1892 AEschinus
1192 1870 1196 1882 ·

752 1911 877 1975 Siet,
903 1912 1023 1980 quid
1048 1911 1199 1963 tristis
1224 1929 1319 1982 ego
1342 1911 1438 1963 sim
1459 1913 1477 1963 ?
1516 1911 1592 1963 M
1590 1913 1623 1964 ἱ.
1649 1909 1806 1963 dixin'
1827 1911 1925 1962 hoc
1950 1911 2092 1963 fore?

752 1980 891 2039 Quid
916 1982 1069 2035 fecit?
1109 1982 1210 2036 De.
1236 1984 1358 2054 quid
1381 1983 1468 2035 ille
1493 1982 1700 2035 fecerit?
1728 1999 1881 2053 quem
1902 1999 2066 2052 neque
2083 1999 2180 2052 pu-

897 2054 982 2105 det
1729 2063 1733 2067 '

753 2126 1045 2194 Quidquam
1063 2146 1094 2191 3,
1117 2143 1212 2179 nec
1247 2116 1432 2179 metuit
1456 2143 1742 2197 quenquam
1760 2144 1776 2191 3
1813 2140 1978 2196 neque
2011 2101 2199 2195 legem*

897 2207 1041 2267 putet
1905 2255 1909 2260 ,
2109 2229 2122 2237 -
2151 2202 2183 2249 5

752 2269 953 2328 Tenere
989 2287 1041 2319 se
1078 2269 1255 2322 ullam.
1290 2286 1409 2321 nam
1465 2268 1569 2334 illa,
1621 2286 1736 2340 quae
1785 2267 2000 2322 antehac
2052 2269 2185 2320 facta

960 2350 1013 2391 nt
1456 2372 1459 2374 -
2089 2347 2096 2362 '

757 2359 956 2464 Οιῐιίῖεῒὲ
977 2379 1183 2523 {modo
1207 2411 1331 2483 quid
1353 2412 1663 2482 designavit?
1704 2410 1806 2466 Mi.
1852 2392 2095 2483 quidnam
2131 2409 2188 2462 id

892 2494 1003 2536 est.

760 2556 865 2609 De.
905 2556 1056 2608 Fores
1079 2554 1295 2626 effregit,
1320 2565 1470 2626 atque
1496 2556 1549 2607 in
1569 2556 1702 2608 aedes
1726 2555 1869 2607 irruit

758 2629 963 2681 Alienas
984 2649 997 2682 :
1053 2628 1219 2698 ipsum
1273 2629 1538 2681 dominum
1585 2639 1733 2698 atque
1787 2635 1996 2680 omnem
2037 2626 2187 2681 fami-

901 2699 1023 2752 liam
2057 2699 2059 2701 ’

763 2770 1004 2823 Multavit
1027 2789 1182 2841 usque
1201 2772 1263 2823 ad
1289 2783 1504 2825 mortem
1525 2793 1538 2826 t
1575 2773 1758 2843 eripuit
1782 2772 2066 2834 mulierem,
2123 2771 2190 2820 10

763 2842 934 2898 Quam
957 2844 1189 2896 amabat:
1227 2846 1451 2895 clamant
1473 2862 1648 2896 omnes
1673 2843 2038 2914 indignissume

762 2913 977 2965 Factum
1004 2931 1140 2967 esse:
1179 2914 1276 2966 hoc
1301 2915 1585 2967 advenienti
1609 2926 1733 2985 quot
1755 2914 1901 2979 mihi,
1921 2911 2094 2977 Mitio,

760 2984 949 3037 Dixere
971 2987 987 3037 ?
1028 2986 1080 3036 in
1107 3003 1192 3038 ore
1217 2999 1291 3037 est
1313 2987 1456 3039 omni
1479 2989 1667 3056 populo
1690 2986 1926 3056 denique.

762 3057 819 3107 Si
861 3057 1224 3110 conferendum
1261 3061 1554 3128 exemplum
1605 3054 1696 3123 est,
1732 3075 1836 3109 non
1871 3059 2080 3109 fratrem
2113 3053 2194 3107 vi·

904 3128 990 3180 det
1621 3161 1632 3166 κ
2070 3155 2072 3157 >
2166 3144 2168 3146 ’

761 3198 859 3250 Rei
884 3199 1000 3251 dare
1025 3198 1246 3269 operam,
1272 3200 1372 3260 turi
1396 3217 1501 3252 esse
1526 3219 1731 3270 parcum
1753 3219 1812 3254 ac
1831 3198 2084 3253 sobrium?
2127 3200 2192 3248 15

761 3271 984 3324 Nullum
1012 3271 1161 3341 hujus
1183 3273 1350 3323 simile
1384 3273 1611 3326 factum:
1651 3273 1762 3325 haec
1799 3275 1918 3325 cum
1955 3271 2048 3335 illi,
2085 3267 2196 3325 Mi-

902 3341 990 3406 tio,
1797 3404 1803 3409 ‚

762 3412 917 3478 Dico,
937 3414 1031 3466 tibi
1051 3414 1195 3467 dico:
1234 3424 1289 3466 tu
1310 3415 1456 3467 illum
1483 3415 1737 3486 corrumpi
1755 3415 1892 3467 sinis,

135 3496 282 3535 fratrem
297 3513 405 3537 suum
425 3499 691 3553 Ctesiphonem
710 3503 748 3540 in
763 3508 802 3540 re
820 3502 988 3542 familiari
1005 3504 1171 3556 augenda}
1191 3505 1355 3543 studium
1375 3519 1486 3544 omne
1502 3519 1655 3559 ponere,
1673 3508 1786 3544 vitam
1800 3506 1932 3544 ducere
1950 3499 2140 3556 frugaliter
2157 3507 2194 3536 et

139 3561 384 3610 temperanter
409 3554 447 3589 in
466 3566 554 3605 agro
572 3553 751 3593 colendo?
782 3554 940 3594 Nullum
962 3570 1124 3608 unquam
1150 3558 1329 3608 ejmmodi
1350 3558 1490 3600 facinus
1510 3559 1572 3600 ille
1585 3572 1695 3599 ausus
1722 3570 1800 3599 est:
1829 3556 1912 3598 haec
1928 3557 2016 3596 cum
2033 3556 2074 3595 in
2090 3551 2191 3601 illum

138 3602 235 3650 dico,
251 3604 289 3642 in
306 3615 344 3643 te
362 3605 472 3645 etiam
490 3606 594 3647 dico:
622 3617 665 3648 tu
683 3607 788 3648 illum
807 3609 992 3663 depravari
1010 3612 1159 3663 pateris·
