2314 3944
819 156 1050 218 ACTUS
1086 163 1180 219 ΙΙΙ.
1241 161 1489 221 ‚SCENA
1523 166 1612 219 IV2

190 303 456 370 Lacr-um,
497 315 611 376 quae
655 306 859 375 posthac
900 309 1066 360 futura
1105 317 1198 359 est'
1226 307 1346 372 vita,
1389 310 1505 360 cum
1553 309 1604 360 in

236 407 254 419 κ
329 389 552 430 mentem
578 379 732 440 venit,-
1165 412 1190 422 κ
1479 448 1482 449 ⁷
1535 385 1603 431 45

186 448 528 518 Solitudoquffi
602 450 651 500 O
694 451 908 514 fortuna,
951 458 1008 500 ut
1054 465 1315 517 nunquam
1363 451 1605 516 perpetuo

325 537 376 569 es
403 520 533 570 bona
555 520 564 571 !
1349 520 1604 587 [reddidit,

186 587 285 640 Sed
302 588 409 658 jam
432 591 566 658 prior
588 608 728 642 amor
761 610 844 643 me
883 592 942 644 ad
978 590 1109 640 hanc
1143 606 1250 640 rem
1275 590 1605 642 exercitatum

150 718 152 721 f
185 659 355 715 Quem
381 678 476 728 ego
501 662 710 714 consilio
747 664 954 716 missum
992 660 1089 713 feci
1105 680 1121 725 3
1161 659 1296 711 idem
1322 674 1460 711 nunc
1482 679 1604 730 ope⁴

115 725 125 736 ⁸
327 748 433 782 ram
461 732 578 783 huic
603 733 749 785 dabo.
1189 769 1193 772 ,

132 794 137 798 ’
184 800 340 852 Adest
363 802 609 854 Parmeno
629 815 746 856 cinn
771 802 965 871 pueris:
989 802 1128 854 hunc
1147 801 1360 854 minime
1384 811 1456 854 est
1481 820 1604 871 opus

183 871 247 922 In
271 871 367 923 hac
389 890 440 923 re
465 873 663 926 adesse:
706 892 821 925 nam
848 873 968 924 olim
996 873 1087 924 soli
1112 873 1319 937 credidi,
1535 879 1604 925 50

184 940 265 992 Ea
283 960 366 994 me
387 945 680 996 abstinuisse
701 945 752 995 in
771 944 1037 1013 principiO,
1061 945 1179 995 cum
1200 944 1314 995 data
1337 953 1426 996 est.

183 1011 387 1077 Vereor,
411 1014 452 1065 si
477 1017 749 1068 clam-orem
776 1014 880 1083 ejus
905 1015 990 1066 h-ic
1014 1016 1185 1066 crebro
1209 1015 1395 1079 audiat,

185 1081 270 1134 Ne
295 1085 536 1156 parturire
561 1085 826 1154 intelligat.
863 1086 1051 1154 Aliquo
1075 1084 1203 1136 mihi
1223 1096 1297 1136 est

185 1151 330 1205 Hinc
354 1157 675 1225 ableganduS,
697 1157 819 1208 dum
843 1157 973 1226 parit
999 1155 1315 1208 Philumena.

2128 177 2230 225 269

1660 306 1750 346 Non
1775 320 1923 359 possum
1951 308 2152 362 lachrymas
2177 325 2232 352 te·

1660 375 1762 408 nere,
1796 363 1881 399 eum
1921 364 2047 400 animo
2087 377 2232 415 reputo,

1659 428 1769 463 quam
1799 412 1950 465 posthac
1967 416 2079 453 vitam
2103 417 2233 456 ductu,

1657 480 1717 504 rus
1752 468 1839 511 sim,
1873 466 1984 518 quam
2018 469 2163 509 tristem
2191 482 2232 509 et

1656 519 1866 557 solitariam.
1904 518 1940 557 O
1949 519 2109 568 fortuna,
2121 522 2234 572 quim

1656 584 1732 609 non
1744 572 1806 609 diu
1823 581 2007 619 constans,
2024 583 2063 611 et
2081 587 2232 626 prospe-

1658 636 1696 660 ra
1721 625 1779 660 es!
1808 622 1884 662 Sed
1899 625 1978 674 jam
2005 627 2104 676 prior
2131 639 2234 666 amor

1656 674 1851 715 Bacchidis
1879 691 1938 715 me
1965 678 2012 715 ad
2029 677 2126 716 hanc
2143 693 2232 718 -rem

1656 741 1765 778 aequo
1782 729 1967 767 ferendam
1983 732 2108 769 animo
2129 736 2234 771 exer·

1655 781 1778 818 citavit
1805 791 1843 819 et
1869 781 2064 821 assuefecit
2080 795 2094 821 τ’
2119 798 2231 835 quem

1654 846 1816 871 amorem
1830 843 1921 872 tunc
1936 836 2086 882 ratione,
2100 841 2234 888 et'poeu-v

1655 886 1780 924 dentis
1815 887 1956 931 dimisi3
2003 888 2099 926 idem
2129 903 2232 929 nunc

1655 936 1744 976 huic
1777 952 1836 976 me
1864 938 1992 977 dedam
2022 952 2062 979 et
2085 942 2235 981 vacabo.

1655 989 1835 1030 Parmeno
1865 991 1980 1038 adest,
2009 995 2111 1032 venit
2145 1008 2233 1035 eum

1655 1044 1820 1089 servulis,
1839 1045 2078 1084 redeuntibus
2091 1060 2137 1084 ex
2155 1046 2233 1088 Im-

1655 1095 1748 1134 bro:
1778 1109 1853 1134 non
1872 1110 1963 1148 opus
1983 1109 2037 1134 est
2061 1100 2232 1146 omnino,

1656 1149 1696 1186 in
1707 1147 1779 1187 hoc
1790 1147 2021 1187 Philumenae
2030 1160 2135 1201 partu
2145 1166 2231 1191 eum

1655 1212 1873 1252 praesentem
1888 1216 1967 1240 esse
1983 1217 1991 1239 :
2011 1217 2094 1241 nam
2114 1203 2241 1254 quon-Q‘

1654 1254 1738 1293 dam
1755 1253 1842 1292 huic
1872 1257 1936 1293 uni
1960 1254 2032 1293 hoc
2059 1269 2231 1296 arcanum

184 1306 367 1351 commisi,
387 1305 557 1344 nimirum
576 1320 636 1344 me
653 1319 732 1345 eam
751 1318 826 1344 non
839 1306 1004 1358 attigisse
1017 1306 1063 1344 ab
1082 1307 1202 1351 initio,
1230 1309 1316 1345 cum
1333 1306 1488 1354 datavest
1506 1305 1596 1344 mihi
1618 1309 1656 1345 in
1674 1321 1839 1354 uxorem‚
1891 1307 2041 1354 Timeo,
2060 1311 2089 1346 si
2105 1307 2243 1349 Philum

185 1370 305 1395 menae
322 1353 509 1408 querentis
527 1373 653 1397 vocem
673 1373 770 1410 saepe
784 1361 921 1406 audiat,
946 1373 995 1397 ne
1012 1373 1092 1397 eam
1115 1368 1221 1412 partu
1239 1360 1402 1398 laborare
1427 1371 1638 1413 cognoscat.
1667 1359 1805 1412 Aliquo
1822 1358 1909 1398 binc
1929 1359 2021 1399 mihi
2038 1362 2234 1400 amandan-

183 1409 253 1447 dus
268 1419 339 1460 est,
358 1411 500 1450 interea
517 1412 606 1452 dum
625 1411 845 1451 Philumena
864 1414 901 1450 in
921 1412 1116 1464 puerperio
1135 1420 1203 1450 est.

559 1554 967 1626 ACTUS
1020 1557 1177 1627 ΙΙΙ.·
1259 1559 1677 1628 SCENA
1726 1559 1852 1627 IV.

627 1706 999 1764 PARMENO.
1040 1688 1289 1777 ‘soffia
1362 1682 1800 1769 PAMPHILUS.

185 1840 316 1898 Par.
374 1843 501 1897 Am'
549 1855 622 1910 tu,
670 1844 763 1896 tibi
810 1845 907 1898 hoc
955 1845 1337 1914 incommodum
1387 1845 1606 1898 evenisse

326 1915 452 1968 iter?

182 1986 266 2040 So,
302 1987 423 2048 Non
448 1987 617 2039 hercle
641 1987 819 2052 verbiS,
842 1987 1108 2052 Parmeno,
1133 1987 1234 2040 dici
1253 1998 1416 2056 potest

181 2057 423 2122 Tantum,
449 2061 601 2127 quam
622 2077 676 2110 re
702 2059 807 2127 ipsa
828 2059 1059 2128 navigare
1084 2060 1466 2112 incommodum
1493 2071 1582 2121 est.

184 2129 311 2181 Par..
347 2129 490 2181 Itane
515 2131 624 2181 est?
665 2129 749 2182 So.
778 2131 810 2181 ὃ
836 2131 1104 2192 fortunate,
1130 2131 1289 2182 nescis
1314 2132 1435 2198 quid
1461 2132 1582 2183 mali

182 2197 500 2263 PraeterieriS,
525 2200 611 2269 qui
636 2211 894 2269 nunquam
924 2219 975 2251 es
1001 2201 1248 2268 ingressus
1272 2219 1425 2263 mare.
1572 2208 1602 2254 5

182 2269 319 2321 Nam
341 2271 461 2322 alias
485 2281 541 2321 ut
560 2272 791 2323 omittam
815 2271 1052 2335 miseriaS,
1080 2290 1231 2323 unam
1257 2272 1388 2323 hanc
1415 2273 1557 2324 vide:

182 2339 308 2392 DIes
331 2341 555 2409 triginta,
578 2353 664 2392 aut
687 2340 800 2411 plus
823 2359 899 2406 eo,
926 2342 977 2393 in
1003 2343 1117 2393 navi
1142 2343 1231 2405 fui,

185 2411 324 2463 Cttm
351 2411 540 2462 interea
563 2429 761 2480 semper
783 2423 996 2464 mortem
1024 2415 1352 2482 expectabam
1373 2414 1523 2465 miser
1541 2433 1555 2477 ;

181 2481 262 2532 Ita
283 2482 659 2550 usqueadvorsa
682 2493 976 2552 tempestate
1005 2484 1076 2534 usi
1101 2503 1288 2535 sumus.

184 2551 320 2604 Par.
360 2553 624 2604 Odiosum.
700 2554 780 2606 So.
820 2555 955 2606 haud
981 2557 1111 2605 clam
1139 2573 1221 2605 me
1247 2571 1350 2607 est:
1390 2555 1606 2625 denique

325 2623 497 2675 hercle
521 2625 804 2692 aufugerim
1545 2633 1607 2678 lO

184 2693 372 2758 Potius,
397 2697 793 2761 quam'redeam,
818 2695 857 2745 si
879 2697 939 2746 εὸ
964 2698 1036 2746 mi
1062 2697 1372 2748 redeundum
1399 2698 1571 2749 sciam.

184 2764 313 2816 Par.
350 2764 492 2816 Olim
520 2765 723 2834 quidem
749 2778 800 2817 te
826 2784 1009 2817 caussae
1036 2767 1364 2836 impellebant
1389 2772 1536 2832 leveS,

182 2835 339 2891 Quod
361 2853 496 2887 nunc
524 2836 755 2888 minitare
780 2838 958 2899 facere,
977 2847 1034 2888 ut
1057 2840 1258 2901 facereS,
1286 2839 1445 2892 Sosia.

183 2905 287 2958 Sed
308 2906 635 2976 Pamphilum
660 2907 823 2975 ipsum
851 2907 996 2958 video
1021 2920 1147 2959 stare
1171 2921 1288 2959 ante
1311 2911 1512 2961 ostium.

184 2976 261 3027 Ite
286 2975 446 3028 intro:
485 2995 581 3045 ego
605 2977 744 3029 hunc
769 2978 933 3040 adibo,
958 2979 1000 3030 si
1025 2980 1144 3048 quid
1170 2998 1251 3030 me
1275 2981 1410 3032 velit.
1544 2988 1604 3032 15

186 3045 344 3110 Here,
369 3047 521 3099 etiam
558 3058 613 3098 tu
655 3048 741 3100 hic
780 3049 913 3100 stas?
974 3049 1122 3103 Pam.
1162 3050 1395 3119 equidem
1434 3062 1484 3102 te
1520 3071 1606 3103 ex-

325 3129 512 3185 specto·
552 3119 681 3173 Par.
708 3119 827 3188 quid
853 3120 960 3169 est?

187 3185 337 3238 Pam.
394 3186 456 3238 In
499 3206 664 3240 arcem
710 3201 990 3240 transcurso
1006 3178 1017 3237 s
1036 3207 1161 3258 opus
1209 3202 1296 3243 est.
1352 3194 1480 3245 Par.
1523 3194 1619 3245 cui

327 3257 560 3310 homini?
600 3259 754 3311 Pam.
779 3261 893 3311 tibi.

185 3325 314 3378 Par.
363 3327 426 3379 In
472 3330 674 3382 arcem?

733 3331 855 3398 quid
891 3331 986 3382 eo?
1027 3330 1181 3384 Pam.
1221 3307 1607 3386 Callidemidem

325 3397 576 3467 hospitem
1274 3415 1277 3418 '

1712 1848 1801 1886 Par.
1817 1846 1986 1896 Dicisne,
2005 1848 2124 1899 Sosia,
2139 1850 2243 1894 hanc'

1659 1899 1754 1938 viam
1775 1900 1843 1938 tibi
1874 1915 2117 1942 aerumnosam
2144 1904 2241 1942 susm·

1658 1954 1727 1990 se?
1756 1953 1819 1991 So.
1837 1951 1908 1990 Per
1922 1953 2136 2003 Herculem,
2151 1955 2232 1994 Par-

1659 2018 1785 2051 meno,
1816 2006 1932 2044 verbis
1959 2007 2130 2046 declarari
2156 2017 2241 2047 non·

1657 2056 1796 2109 ¹potest,
1807 2061 1986 2109 qnantum
2000 2073 2037 2097 ne
2053 2062 2128 2112 ipsa
2143 2063 2232 2100 mari

1659 2112 1730 2147 iter
1763 2111 1879 2148 facere
1911 2112 2132 2152 *laboriosnm
2164 2124 2234 2152 est.
2296 2137 2298 2142 ·

1658 2163 1747 2203 Par,
1775 2162 1879 2201 Itane
1899 2165 1980 2202 est?
2010 2167 2072 2203 So.
2093 2165 2130 2204 O
2144 2165 2233 2206 bea-

1658 2224 1710 2262 te,
1737 2218 1854 2253 nescis
1873 2230 1962 2267 quas
1986 2218 2241 2266 difficultates,

1658 2276 1695 2304 et
1736 2269 1896 2306 miserias
1933 2271 2137 2317 evitaveris,
2170 2274 2234 2322 qui

1659 2334 1848 2371 nunquam
1869 2322 1908 2358 in
1928 2336 2026 2360 mare
2054 2326 2235 2362 ascendis-

1659 2375 1700 2410 ti.
1756 2372 1854 2411 Nam
1876 2385 1916 2412 ut
1930 2375 2017 2412 alias
2032 2377 2155 2414 sileam
2172 2392 2231 2414 ca-

1659 2426 1856 2471 lamitates,
1910 2437 1949 2464 et
2002 2429 2232 2467 difficultates

1661 2480 1737 2515 navi
1741 2479 1912 2529 gastoni&
1927 2478 2021 2517 hanc
2032 2495 2232 2534 cognosce:

1659 2532 1776 2582 spatio
1804 2533 1956 2582 triginta
1985 2533 2142 2581 dicrum,
2171 2546 2235 2575 aut

1663 2583 1751 2632 plus·
1779 2597 1824 2620 eo
1859 2594 2038 2635 tempore,
2077 2587 2117 2624 in
2153 2590 2235 2626 nai-'1

1661 2637 1760 2682 steti,
1796 2638 1880 2673 cum
1918 2638 2016 2675 inter
2050 2637 2118 2676 hos
2156 2640 2234 2679 dies

1661 2701 1805 2739 semper
1849 2698 2004 2726 mortem
2062 2690 2235 2731 formida·

1662 2739 1744 2777 bam
1775 2740 1914 2786 infelix,
1934 2743 2025 2780 adeo
2043 2747 2233 2791 contrariis

1662 2803 1700 2830 et
1734 2794 1912 2844 oppositis
1952 2798 2067 2843 ventis
2105 2799 2238 2847 jactati

1661 2846 1838 2882 continue
1856 2845 2005 2884 fuimus.
2045 2850 2131 2887 Par.
2161 2850 2234 2888 Res

1661 2895 1740 2935 haec
1761 2899 2005 2946 incommoda,
2027 2912 2062 2938 et
2083 2903 2235 2941 molesta

1661 2960 1728 2987 est.
1766 2950 1827 2988 So.
1847 2949 1936 2987 Non
1958 2954 2108 3004 ignorm
2139 2965 2175 2992 et
2196 2967 2235 2993 ut

1661 3015 1737 3040 uno
1754 3003 1863 3040 verbo
1881 3004 2013 3051 dicam,
2032 3008 2153 3056 potius
2177 3008 2235 3044 fu·

1660 3056 1774 3104 giam,
1794 3055 1904 3105 quain
1933 3058 2064 3094 iterum
2094 3059 2130 3095 in
2158 3057 2235 3097 Im·

1660 3107 1766 3144 hrum
1787 3109 2004 3157 proficiscar,
2022 3110 2053 3146 si
2071 3112 2116 3147 cb
2143 3110 2235 3151 mihi

1660 3160 1963 3209 proficiscendum
1979 3174 2057 3198 esse
2081 3163 2235 3207 videam.

1663 3212 1749 3248 Par.
1777 3211 1879 3248 Olim
1899 3213 1995 3250 certe
2018 3227 2062 3250 ex
2092 3213 2235 3262 levibus

1661 3265 1776 3301 causis
1808 3274 1951 3315 paratus
1986 3279 2062 3303 eras
2091 3265 2239 3320 fugere,

1663 3316 1760 3366 quod
1801 3328 1900 3353 nunc
1930 3317 2077 3356 minaris
2117 3319 2236 3360 facere

1662 3368 1782 3418 magni
1815 3376 1853 3404 et
1873 3370 1989 3419 gravis
2002 3371 2156 3422 periculi
2182 3375 2237 3412 vi-

1661 3421 1759 3456 tandi
1775 3421 1900 3457 causa:
1930 3420 2013 3460 ideo
2044 3422 2150 3462 facile
2168 3426 2239 3465 tibi

1661 3472 1780 3508 credo.
1822 3471 1897 3510 Sed
1927 3470 2160 3527 Pamphilum
2184 3480 2238 3521 vi·

185 3512 256 3551 deo
270 3513 392 3565 ipsum
412 3512 568 3552 stantem
587 3523 672 3553 ante
688 3514 796 3553 fores.
851 3513 923 3562 Ite,
941 3530 1003 3555 vos
1031 3520 1137 3565 servi,
1165 3521 1336 3558 domum:
1367 3535 1436 3572 ego
1454 3524 1536 3559 vero
1555 3521 1654 3560 hunc
1674 3525 1889 3564 conveniam
1917 3527 2071 3574 visurus,
2089 3530 2119 3566 si
2147 3530 2237 3581 quid

185 3579 247 3604 me
269 3565 354 3603 velit
371 3565 503 3604 facere.
556 3565 672 3613 Here,
687 3570 798 3605 etiam
815 3581 912 3606 nunc
932 3567 994 3606 hic
1010 3574 1188 3608 moraris?
1219 3573 1326 3610 Pam.
1348 3571 1430 3623 Ego
1459 3585 1496 3612 te
1515 3586 1681 3625 expecto.
1709 3576 1797 3614 Par.
1819 3574 2098 3619 Quamobrem?
2129 3582 2235 3620 Pam.

185 3615 231 3655 In
250 3630 368 3655 arcem
387 3619 486 3658 urbis
503 3621 820 3657 transcurrendum
851 3631 916 3658 est.
947 3622 1035 3659 Par.
1052 3622 1121 3660 Cui
1152 3622 1323 3662 homini?
1356 3624 1579 3664 Pam.T‘1bi.
1609 3628 1694 3666 Pcrr.
1728 3626 1912 3671 Quaenam
1938 3645 2044 3671 causa
2073 3639 2142 3681 es't,
2173 3647 2236 3672 cur

185 3679 259 3716 tam
279 3671 416 3709 remote
434 3671 472 3714 in
483 3683 609 3711 arcem
628 3684 688 3713 me
706 3685 850 3711 currere
861 3673 1001 3723 jubes?
1033 3675 1121 3714 Par.
1141 3674 1420 3717 Callidemidem
