2314 3944
755 191 988 247 ACTUS
1023 188 1086 246 v.
1161 146 1396 246 soENA
1431 185 1506 245 11;

107 333 203 393 Ch.
239 333 298 390 Id
318 335 490 390 mirari
512 345 563 387 te
581 334 832 403 simulate,
862 348 912 390 et
931 337 1079 389 illum
1110 335 1206 401 hoc
1231 336 1444 406 rogitato
1462 334 1530 385 si-

201 460 203 463 .
247 410 372 472 mul,
1460 408 1529 469 70

103 477 447 543 Quamobrem
500 478 549 530 id
602 479 803 531 faciam.
898 480 1005 531 Me.
1059 478 1185 549 quin
1241 495 1337 546 ego
1394 479 1526 542 vero,

212 603 222 608 ,
242 551 571 617 quamobrem
597 551 647 601 id
673 550 843 615 faciaS,
862 551 1052 603 nescio·
1461 563 1463 565 ’

106 618 201 674 Ch.
226 620 438 689 Egone?
477 632 534 672 ut
559 622 691 672 illius
716 622 962 686 animum,
987 621 1073 691 qui
1099 638 1234 672 nunc
1255 619 1454 671 luxuria
1478 629 1528 670 et

176 740 182 743 ,
247 692 451 744 lascivia
812 711 813 714 ¹

32 803 37 807 .
101 761 324 827 Diffluit‚
348 765 630 828 retundam,
666 764 889 833 redigam
919 773 992 827 ut,
1017 763 1117 832 quo
1149 768 1202 813 se'
1225 771 1401 827 vortat,
1439 779 1528 813 ne-

245 835 387 887 sciat.

103 905 212 957 Me.
237 906 375 962 Quid
401 906 538 974 agis?
590 904 681 959 Ch.
708 906 882 957 mitte:
920 905 1028 957 sine
1055 923 1136 956 me
1162 905 1214 956 in
1237 905 1334 956 hac
1359 922 1412 956 re
1438 923 1526 973 ge-

175 1012 180 1015 ·
246 995 353 1028 rere
379 977 505 1028 mihi
531 995 739 1029 morem.
813 978 919 1028 Me.
959 978 1097 1028 sino:

103 1046 247 1098 Itane
272 1048 376 1099 vis?
421 1047 508 1099 Ch.
537 1049 619 1100 ita.
659 1050 765 1100 Me.
789 1047 889 1101 fiat.
936 1047 1146 1116 Clz.⁸age
1164 1049 1293 1118 jam,
1317 1065 1525 1098 uxorem

246 1130 305 1170 ut
326 1130 561 1182 accersat,
584 1129 750 1190 paret!
1267 1160 1287 1170 -
1357 1136 1360 1140 ’
1459 1123 1525 1181 75

105 1189 291 1249 Sezhic-
309 1189 394 1254 ita,
426 1199 485 1240 ut
518 1190 697 1242 liberos
729 1199 804 1242 est
827 1207 1046 1260 aequom,
1073 1190 1218 1242 dictis
1244 1190 1524 1243 confutabi-

249 1275 345 1313 tur.

106 1331 209 1386 Sed
234 1333 434 1401 Syrum.
491 1332 598 1401 Me,
626 1331 748 1402 quid
772 1334 926 1385 eum?
986 1333 1078 1394 Ch.
1105 1332 1294 1402 egone?
1334 1331 1378 1383 si
1397 1331 1526 1397 vim,

249 1403 374 1472 adeo
397 1414 691 1456 exornatum
719 1404 864 1467 dabo,
1277 1402 1280 1406 ’

84 1474 251 1527 «Adeo
284 1474 552 1544 depexum,
577 1485 649 1540 ut,
674 1476 798 1527 dum
829 1474 979 1540 vivat,
1013 1473 1302 1527 meminerit
1335 1491 1534 1545 semper

236 1563 386 1598 ‚meix

107 1618 215 1674 Qui
237 1618 332 1668 sibi
358 1636 441 1669 ine
466 1636 556 1686 pro
578 1617 791 1669 ridiculo
808 1635 867 1668 ac
892 1617 1261 1668 delectamento
1285 1625 1444 1684 putat.

109 1689 252 1752 Non,
293 1690 362 1739 ita
397 1707 479 1740 me
505 1689 555 1740 di
579 1701 766 1753 ament,
797 1689 999 1740 auderet
1033 1689 1195 1740 facere
1230 1687 1341 1740 haec
1367 1689 1533 1740 viduae

253 1759 470 1823 mulieri,
1143 1774 1150 1785 ⁴
1463 1766 1535 1814 80

111 1830 245 1887 Quae
268 1831 322 1882 in
348 1849 430 1882 me
456 1831 589 1884 fecit.

2059 193 2160 259 147

1621 253 1648 263 ,κ

1586 331 1658 372 Ch.
1671 331 1820 386 Fingite
1837 341 1876 372 te
1894 336 2017 374 mirari
2028 350 2159 387 quam-

1583 386 1710 424 obrem
1759 387 1796 424 id
1839 387 1986 434 faciam,
2032 399 2070 426 et
2106 393 2158 428 si·

1583 439 1660 476 mul
1696 440 1853 489 quaerito
1888 441 1934 478 ab
1966 441 2031 479 illo
2063 442 2157 494 (filio

1582 491 1812 543 Clitiphone)
1829 507 1940 544 quam
1955 504 2061 544 putet
2075 508 2158 534 esse

1581 543 1692 593 hujus
1738 548 1790 583 rei
1837 559 2004 593 causam„
2076 549 2158 586 Me.

1581 595 1780 643 Quinimo,
1799 600 1898 636 certe
1924 609 2073 651 egomet
2100 602 2160 654 ig-

1581 663 1684 696 noro,
1716 664 1783 688 cur
1813 651 1902 690 illud
1930 665 2029 703 agas.
2086 654 2161 693 Ch.

1580 701 1655 740 Cur
1671 717 1741 754 ego
1759 704 1796 742 id
1813 718 1917 756 agam
1933 705 1949 743 ἓ
1980 715 2022 743 ut
2044 707 2163 757 repri-

1581 769 1678 793 mam
1695 756 1791 793 illius
1806 769 1983 805 mentem,
2004 760 2069 809 qui
2083 761 2161 797 dis-

1581 807 1721 846 solutus
1740 818 1798 846 est
1825 809 1981 848 libidine
1996 821 2034 848 et
2052 822 2163 867 petu-

1581 860 1709 907 lautia,
1741 872 1780 899 et
1807 863 1980 901 deducam
2011 865 2051 904 in
2070 878 2159 904 eum

1581 923 1733 958 statum,
1763 924 1803 952 ut
1831 917 1969 954 nesciat
1989 917 2027 954 in
2045 931 2160 967 quam

1580 975 1721 1016 partem
1740 979 1778 1003 se
1797 978 1926 1005 vertat.
1955 970 2034 1007 Me.
2053 968 2160 1013 Quid

1579 1018 1693 1056 facis?
1753 1019 1823 1058 Ch.
1841 1019 1999 1067 Omitte,
2016 1035 2058 1060 ac
2075 1036 2162 1074 per·

1580 1073 1687 1109 mitte
1705 1072 1914 1111 satisfacere
1930 1075 2161 1125 animomeo

1582 1125 1620 1161 in
1650 1123 1719 1162 hac
1747 1138 1800 1162 re.
1854 1126 1934 1164 Me.
1962 1125 2066 1167 Nou'
2085 1129 2159 1166 im-

1582 1176 1714 1228 pedio:
1766 1178 1868 1216 visne
1899 1187 1945 1216 ut
1976 1180 2029 1218 ita
2061 1180 2159 1221 fiat?

1588 1229 1658 1268 Ch.
1699 1228 1756 1267 Ita
1787 1230 1881 1269 volo.
1946 1233 2027 1271 Me.
2063 1231 2161 1273 Fiat.

1588 1282 1659 1321 Ch.
1686 1282 1784 1334 Age,
1802 1292 1845 1321 ut
1867 1285 1944 1333 jam
1963 1283 2086 1323 Clinia
2099 1299 2161 1325 ac·

1583 1344 1702 1373 cersat
1716 1334 1967 1386 Antiphilam,
1978 1347 2162 1390 proeparet

1584 1401 1622 1425 se
1631 1388 1676 1424 ad
1690 1390 1849 1439 nuptias.
1867 1389 1903 1427 H
1909 1392 1940 1427 ic
1956 1389 2159 1444 (Clitipho)

1586 1442 1638 1478 ita
1651 1441 1768 1478 verbis
1783 1443 1975 1480 convietus
1990 1443 2162 1496 objurga-

1583 1492 1700 1539 bitur‚
1724 1502 1767 1532 ut
1789 1495 1933 1544 justum
1961 1507 2014 1533 est
2038 1508 2163 1548 repre-

1585 1544 1697 1583 hendi
1724 1546 1859 1585 liberos
1887 1549 1908 1586 ὲ
1935 1550 2163 1600 parentibus.

1586 1596 1661 1636 Sed
1670 1597 1800 1649 Syrum
1815 1597 1965 1651 punia'm
1978 1603 2165 1654 supplicio

1587 1664 1660 1701 quo
1690 1653 1824 1703 dignus
1853 1663 1920 1691 est.
1975 1655 2054 1692 Me.
2086 1654 2166 1694 Cur

1586 1703 1689 1742 illum
1723 1707 1878 1756 punies?
1951 1706 2020 1744 Clz.
2048 1706 2168 1751 Quae-

1586 1758 1714 1795 risne?
1745 1757 1785 1795 Si
1804 1760 1877 1796 vita
1902 1770 2083 1810 superest,
2111 1762 2165 1799 ita

1586 1809 1690 1847 illum
1709 1812 1910 1859 excultum,
1933 1812 2108 1863 politum,
2125 1823 2166 1851 et

1586 1873 1779 1914 comptum
1831 1865 1940 1909 dabo,
1995 1875 2038 1903 ut
2089 1867 2164 1904 mei

109 1928 255 1967 semper
270 1914 523 1954 recordaturus
540 1917 606 1953 sit:
635 1916 698 1966 qui
713 1913 826 1968 Syrus
843 1923 950 1966 putat
965 1928 1025 1952 me
1050 1928 1128 1953 esse
1152 1914 1320 1967 dignum,
1340 1928 1450 1966 quem
1469 1915 1629 1955 ludibrio
1647 1914 1782 1954 habeat
1801 1928 1837 1954 et
1856 1917 1970 1955 fallat.
2024 1916 2091 1955 Dii
2110 1919 2163 1956 ita

55 1981 60 1989 '
110 1967 203 2008 mihi
218 1969 289 2007 sint
303 1969 471 2021 propitii3
501 1968 562 2007 ille
581 1967 694 2022 Syrus
710 1981 783 2007 non
802 1968 950 2006 auderet
969 1967 1085 2007 facere
1105 1968 1221 2007 viduae
1238 1968 1466 2007 mulierculae
1484 1969 1590 2008 Indos
1609 1978 1647 2008 et
1662 1964 1829 2017 technas,
1843 1983 1934 2022 quas
1952 1968 2046 2009 mihi
2061 1970 2165 2010 feeit*

513 2209 922 2296 ACTUS
998 2211 1079 2279 V.
1177 2208 1598 2278 SCENA
1670 2210 1766 2279 ΙΙ.

290 2365 647 2421 CLITIPHO.
719 2352 1211 2420 MENEDEMUs.
1286 2363 1660 2419 CHREMES.
1733 2344 1982 2418 S'YRUS.

118 2500 198 2554 Cz.
251 2501 424 2554 ITANE
469 2501 693 2567 tandem,
739 2519 925 2573 quaes0,
970 2510 1062 2568 est,
1109 2499 1436 2567 Menedeme,
1479 2510 1538 2574 ut

254 2583 396 2641 pater

111 2641 241 2696 Tam
265 2646 317 2695 in
335 2644 483 2696 brevi
495 2643 655 2715 spatio
674 2661 878 2696 omnem
900 2643 962 2695 de
980 2660 1064 2695 me
1084 2640 1288 2714 ejecerit
1305 2641 1536 2694 animum

290 2716 444 2768 atris?
1082 2754 1084 2756 ψ
1118 2748 1127 2757 κ

92 2733 387 2845 'Quodlimm
429 2787 495 2838 ob
539 2785 731 2839 facinus
742 2786 921 2858 {quid
957 2803 1052 2855 ego
1093 2794 1294 2838 tantum
1335 2785 1536 2837 sceleris

252 2857 430 2909 admisi
457 2857 640 2910 miser?
796 2861 801 2867 “

110 2923 279 2997 Vulgo
303 2929 354 2981 id
378 2930 586 2981 faciunt.

254 3002 416 3052 multo
438 3018 498 3052 ac
523 3000 710 3063 duriuS,

113 3069 210 3122 Cui
233 3068 291 3120 fit
305 3091 320 3135 3
350 3073 530 3124 verum
551 3090 646 3141 ego
669 3069 803 3123 haud
829 3068 995 3121 minus
1021 3071 1154 3138 aegre
1177 3070 1339 3140 patior
1362 3070 1430 3135 id,
1451 3071 1538 3141 qui

253 3142 440 3206 nescio,
1196 3164 1199 3165 ⁷
1503 3147 1535 3193 5

111 3211 224 3264 Nec
259 3212 503 3264 rationem
531 3213 693 3280 capio,
733 3212 829 3265 nisi
853 3211 986 3283 quod
1016 3213 1108 3265 tibi
1132 3207 1260 3264 bene
1285 3230 1346 3263 ex
1366 3213 1540 3269 animo

251 3284 380 3334 v010.
416 3348 419 3350 .
457 3282 536 3337 Cl.
573 3283 656 3334 hic

111 3351 311 3404 Patrem
336 3354 524 3406 adstare
549 3354 748 3407 aiebas?
803 3355 909 3408 Me.
936 3372 1133 3408 eccum.
1191 3352 1284 3409 Ch.
1311 3353 1432 3423 quid
1455 3372 1537 3404 me

257 3423 469 3489 incusas,
495 3425 753 3494 Clitipho?

8 3506 15 3512 ’
94 3492 377 3562 ⁴Quidquid
415 3514 509 3564 ego
543 3494 689 3579 liujus
719 3495 834 3559 feci,
867 3495 961 3548 tibi
985 3495 1214 3565 prospexi
1235 3507 1285 3546 et
1310 3494 1536 3546 stultitiae

254 3576 373 3617 tuae.
1470 3565 1539 3615 tia

113 3632 217 3687 Ubi
236 3646 285 3688 te
305 3635 407 3712 vidi
428 3635 600 3689 animo
624 3654 728 3689 esse
752 3637 951 3702 omisso,
972 3648 1038 3703 et,
1056 3637 1223 3689 suavia
1249 3636 1303 3687 in
1317 3566 1538 3705 praa-sgn-

662 2928 769 2981 Me.
809 2927 914 2978 scio
948 2926 1041 2979 tibi
1072 2945 1178 2980 csse
1207 2927 1306 2980 hoc
1339 2928 1536 2997 gravius
1590 2935 1616 2984 ‘1

1646 2499 1705 2539 ΟΖ.
1733 2498 1770 2538 Ο
1795 2498 2038 2546 Μεηεάεωε,
2057 2513 2164 2553 rogo,

1589 2552 1691 2590 itane
1717 2553 1864 2590 tandem
1894 2562 1998 2604 pater
2021 2555 2166 2605 expulit

1589 2607 1715 2643 animo
1733 2619 1881 2651 omnem
1894 2614 2080 2658 paternam
2100 2607 2167 2645 be⁴

1590 2659 1837 2696 nevolentiam
1875 2660 1912 2696 in
1945 2668 2020 2697 tam
2054 2672 2166 2710 parvo

1588 2712 1779 2764 tempore?
1810 2709 1964 2763 Propter
1983 2713 2082 2763 quod
2100 2712 2165 2750 de-

1587 2763 1746 2818 lictum?
1794 2765 1895 2814 quod
1935 2772 2009 2802 tam
2056 2778 2166 2817 grave

1587 2816 1706 2854 scelus
1729 2829 1799 2866 ego
1818 2816 1944 2854 infelix
1963 2818 2163 2856 commisi?

1588 2869 1764 2919 AEquales
1782 2870 1855 2907 mei
1881 2869 2002 2917 facere
2029 2870 2166 2916 solent,

1618 2921 1688 2959 uod
1700 2935 1770 2973 ego
1781 2920 1865 2960 feci.
1892 2922 1972 2960 Me.
1990 2921 2077 2960 Scio
2093 2921 2166 2959 hoc.

1589 2974 1673 3022 tibi,
1705 2976 1766 3012 cui
1786 2974 1842 3020 fit,
1870 2988 1949 3014 csse
1975 2975 2166 3013 molestius

1591 3035 1631 3064 et
1647 3027 1811 3065 acerbius
1830 3027 1947 3065 multo
1964 3028 2075 3078 quam
2098 3027 2168 3069 ulli

1590 3080 1672 3117 alii:
1716 3079 1778 3117 sed
1808 3093 1879 3132 ego
1910 3081 1945 3118 id
1979 3080 2055 3117 fero
2087 3093 2167 3119 non

1591 3133 1715 3171 minus
1739 3132 1890 3170 moleste
1910 3135 1966 3170 tui
1986 3131 2108 3178 causa,
2128 3132 2167 3170 id

1591 3186 1779 3235 quomodo
1812 3187 1951 3230 nescio,
1982 3198 2051 3222 nec
2078 3196 2166 3222 cau·

1591 3251 1684 3283 sam,
1711 3250 1776 3275 cnr
1793 3237 1952 3282 doleam,
1981 3237 2166 3290 intelligo,

1591 3291 1660 3327 nisi
1679 3290 1778 3340 qubd
1797 3290 1863 3327 tibi
1889 3290 1999 3340 cupio
2027 3291 2166 3339 qua-vis

1590 3344 1726 3380 omnia.
1809 3341 1868 3380 Cl.
1912 3341 2072 3380 Dicebas
2099 3342 2164 3381 hic

1589 3405 1731 3445 patrem
1760 3407 1883 3432 meum
1913 3395 2028 3445 prope
2055 3396 2163 3435 esse?

1589 3449 1669 3484 Me.
1704 3445 1804 3485 Ecce
1846 3460 1949 3488 eum.
2015 3446 2087 3486 Ch.
2127 3447 2165 3486 Ο

1589 3497 1771 3549 Clitipho,
1800 3499 1891 3550 quid
1918 3512 1978 3537 me
2006 3499 2163 3551 culpas?

1589 3551 1769 3602 quidquid
1796 3553 1834 3590 in
1861 3551 1931 3591 hac
1957 3565 1996 3590 re
2015 3551 2101 3599 feci,
2123 3560 2166 3602 ut

1588 3604 1815 3655 providerem
1841 3605 1911 3645 tibi
1934 3614 1974 3643 et
1998 3614 2077 3643 tuoe
2107 3603 2167 3642 iii-

1589 3658 1716 3705 saniae,
1735 3657 1772 3695 id
1789 3655 1927 3696 factum
1945 3667 2014 3695 est.
2058 3655 2165 3695 Post-

1590 3722 1700 3760 quam
1721 3717 1758 3748 te
1785 3712 1936 3762 cognovi
1964 3706 2043 3748 esse
2071 3710 2168 3747 desi-

1214 3762 1295 3799 dem
1308 3770 1346 3800 et
1361 3763 1546 3813 ignavum,
1566 3771 1604 3802 et
1621 3771 1790 3815 reputare
1809 3776 1853 3800 ea
1870 3776 1949 3802 esse
1968 3765 2164 3815 praecipua,

1742 3813 1818 3853 '1⁸2
