2314 3944
795 145 1026 200 ACTUS
1062 145 1104 197 Ι.
1178 136 1414 200 SCENA
1448 142 1520 226 Il.

135 293 307 350 Quam
342 309 452 362 ege,
479 308 607 360 ‘quae
628 298 910 360 percontor,
946 288 1088 340 scire.
1159 286 1261 337 Pa.
1302 304 1419 338 vera
1439 286 1553 337 haec

275 361 543 434 praedicat:
1123 366 1125 369 ’
1439 363 1443 365 “

134 435 207 487 Et
230 439 303 487 mi
325 430 452 486 illud
475 433 654 484 vitium
681 432 962 484 maximum
988 439 1076 494 est.
1102 427 1143 479 si
1167 427 1296 479 mihi
1313 428 1467 480 fidem

133 500 240 557 Das
264 515 313 556 te
337 505 620 567 tacituram,
647 503 829 555 dicam.
869 501 971 553 Ph.
998 500 1062 552 ad
1085 498 1349 567 ingenium
1374 499 1518 550 redis·

132 575 310 627 Fidem
337 574 418 639 do,
443 577 662 643 loquere.
723 574 828 626 Pa.
856 572 1094 629 ausculta.
1157 568 1256 622 Ph.
1284 568 1396 646 istie
1421 587 1548 620 sum.

277 645 380 698 Pa.
423 647 552 696 hanc
578 645 888 696 Bacchidem
1303 644 1306 647 ’

130 717 367 781 Amabat,
390 727 448 767 ut
471 719 589 768 cnm
616 715 851 778 maxime,
874 725 983 765 tum
1008 711 1317 780 Pamphilus,

133 787 266 839 Cum
292 798 447 856 pater,
470 805 675 839 uxorem
701 797 757 837 ut
781 786 946 850 ducat,
970 801 1107 835 orare
1132 783 1349 851 occipit:

131 857 205 910 Et
226 859 356 923 haec,
381 858 674 910 communia
696 857 926 908 omniurn
950 872 1064 924 quae
1090 864 1205 904 sunt
1229 862 1444 922 patrum,

133 928 254 980 Sese
278 947 452 981 senem
479 947 582 981 esse
606 928 787 992 dicere,
812 927 957 978 illum
984 930 1153 977 autern
1178 922 1396 980 unicum,

129 999 425 1052 Praesidium
449 1001 578 1052 velle
602 1018 654 1051 se
677 997 922 1050 senectuti
946 1015 1064 1048 suae.

129 1069 224 1122 Ille
249 1089 302 1122 se
326 1071 491 1141 primo
514 1066 697 1139 negare
718 1091 730 1122 ε
767 1069 855 1121 sed
876 1079 1140 1138 postquam
1166 1067 1326 1119 acrius

130 1138 278 1193 Pater
302 1142 466 1205 instat,
489 1141 610 1192 fecit
632 1140 791 1192 animi
814 1149 872 1190 ut
894 1140 1112 1190 incertus
1137 1140 1280 1202 foret,
1326 1186 1329 1188 .

131 1211 369 1265 Pudorin'
393 1230 525 1263 anne
549 1211 710 1263 amori·
731 1213 1084 1279 obsequeretur
1108 1209 1266 1278 magis
1284 1228 1300 1273 ;

129 1281 416 1340 Tundendo
439 1291 588 1352 atque
612 1281 729 1334 odio
754 1281 969 1350 denique
994 1279 1164 1332 effecit
1180 1298 1336 1351 'senex
1359 1299 1372 1332 ε
1432 1349 1435 1352 ¹

129 1353 415 1423 Despondit
439 1353 486 1404 ei
509 1362 716 1422 gnatam
739 1351 887 1420 hujus
911 1351 1063 1402 vicini
1087 1350 1334 1420 proxumi.

132 1421 306 1494 Usque
333 1424 460 1476 illud
483 1425 642 1476 visum
671 1435 744 1475 est
775 1421 1041 1492 Pamphilo
1067 1423 1360 1491 neutiquam
1385 1440 1550 1491 grave,

130 1495 312 1548 Donec
338 1493 445 1565 jam
470 1495 525 1547 in
548 1495 665 1564 ipsis
691 1495 892 1564 nuptiis,
917 1504 1180 1564 postquam
1205 1493 1341 1545 videt
1482 1501 1546 1545 51

130 1565 346 1632 ParataS,
364 1584 466 1618 vnee
491 1584 684 1618 moram
709 1567 884 1629 ullam,
909 1564 1029 1634 quin
1055 1564 1220 1628 ducat,
1245 1563 1350 1615 dari
1369 1584 1385 1629 3

128 1635 208 1689 lbi
231 1638 439 1689 demum
463 1637 532 1689 ita
556 1639 690 1706 aegre
713 1637 846 1700 tulit,
869 1645 925 1687 ut
950 1635 1107 1705 ipsam
1132 1633 1462 1701 Bacchidem,

129 1709 187 1759 Si
211 1708 426 1771 adesset,
441 1707 591 1760 eredo
615 1707 686 1759 ibi
711 1705 814 1777 ejus
840 1703 1309 1758 commiseresceret.

131 1779 441 1849 Ubicunque
466 1780 639 1832 datum
666 1791 770 1830 erat
793 1778 1022 1848 spatium
1041 1777 1339 1842 solitudiniS,

128 1849 204 1901 Ut
227 1850 691 1918 conloqui-mecum
717 1851 1036 1918 unaposset:
1074 1848 1339 1913 Parmeno,

125 1920 289 1973 Perii!
328 1921 451 1990 quid
474 1938 570 1989 ego
594 1921 710 1988 egi?
749 1921 802 1972 in
827 1920 963 1989 quod
994 1936 1076 1970 me
1098 1917 1293 1987 conjeci
1318 1920 1509 1971 malum
1531 1921 1548 1971 ?

126 1991 245 2043 Non
271 2003 446 2061 potero
467 1991 567 2043 hoc
591 1993 734 2055 ferre,
761 1990 1009 2042 Parmeno
1029 2011 1041 2041 z
1078 1989 1202 2059 perii
1226 1989 1394 2045 miser.

128 2062 235 2115 Ph.
253 2064 321 2115 At
337 2074 387 2114 te
403 2063 457 2114 di
475 2062 681 2131 deaeque
696 2061 931 2130 perduint
951 2079 1069 2112 curn
1088 2061 1180 2112 isto
1191 2061 1324 2127 odio,
1333 2061 1548 2114 LacheS.

125 2133 233 2186 Pa.
260 2134 343 2185 Ad
366 2152 526 2201 pauca
548 2144 603 2184 ut
625 2132 844 2196 redeam,
868 2150 1075 2202 uxorem
1097 2131 1302 2183 deducit
1321 2132 1549 2195 domum,

126 2203 294 2256 Nocte
317 2205 404 2256 illa
427 2205 590 2273 prima
612 2204 859 2272 virginem
884 2220 984 2254 non
1009 2202 1206 2271 attigit:
1481 2210 1544 2255 61,

129 2275 263 2330 Quae
287 2284 555 2327 consecuta
579 2286 652 2326 est
677 2292 792 2338 nox,
818 2292 927 2325 eam
956 2272 1117 2325 nihilo
1142 2274 1319 2341 magis,

132 2346 230 2398 Ph.
275 2345 415 2401 Quid
451 2346 520 2397 ais
541 2346 559 2397 ?
600 2364 717 2397 cum
755 2344 947 2414 virgine
983 2346 1086 2395 una
1127 2345 1414 2398 adolescens
1459 2363 1549 2396 cu-

267 2416 433 2469 buerit

130 2486 252 2540 Plils
273 2499 435 2556 potuS,
459 2505 563 2540 sese
590 2488 705 2540 illac
729 2487 975 2540 abstinere
1001 2496 1056 2538 ut
1079 2487 1336 2556 potuerit?

127 2556 248 2609 Non
272 2559 539 2610 verisimile
564 2560 717 2611 dicis:
756 2577 851 2611 nec
875 2562 1046 2610 verum
1074 2558 1300 2611 arbitror.
1481 2562 1548 2610 65

130 2629 229 2679 Pa.
259 2629 422 2681 Credo
445 2629 514 2680 ita
537 2628 694 2681 videri
717 2629 808 2680 tibi
829 2650 841 2682 ε
881 2647 996 2681 nam
1025 2647 1176 2681 nemo
1200 2630 1262 2680 ad
1287 2641 1336 2680 te
1360 2627 1514 2694 venit,

127 2699 240 2750 Nisi
266 2699 472 2768 cupiens
494 2699 569 2750 tui
591 2721 603 2752 :
642 2700 727 2751 ille
754 2700 936 2752 invitus
962 2700 1100 2751 illam
1129 2700 1350 2752 duxerat.

126 2768 232 2821 Ph.
269 2769 411 2825 Quid
435 2770 617 2821 deinde
642 2770 731 2822 fit?
793 2770 896 2822 Pa.
925 2771 1097 2822 diebus
1122 2772 1240 2839 sane
1262 2770 1490 2840 pauculis

124 2839 260 2905 Post,
292 2840 584 2910 Pamphilus
610 2860 692 2893 me
717 2842 878 2893 solum
906 2842 1097 2893 seducit
1119 2842 1266 2905 foraS,

125 2909 423 2981 Narratque,
447 2922 505 2963 ut
529 2911 669 2980 virgo
693 2914 755 2964 ab
781 2930 833 2963 se
859 2912 1052 2979 integra
1075 2911 1226 2962 etiam
1255 2922 1363 2963 turn
1385 2911 1478 2962 siet
1498 2932 1510 2962 ε

128 2980 295 3050 Seque
313 2985 446 3047 ante,
466 2985 617 3052 quarn
639 3001 748 3035 eam
768 3001 977 3034 uxorem
995 2982 1214 3034 duxisset
1234 2983 1460 3048 domurn,
1476 2985 1540 3046 71

127 3050 380 3120 Sperasse,
403 3071 484 3105 eas
508 3055 717 3106 tolerare
743 3072 884 3124 posse
911 3053 1127 3122 nuptias

1481 714 1552 761 40

1480 1069 1548 1117 45

1461 1783 1549 1839 ,55

2065 148 2172 226 '257

1606 287 1717 337 quam
1747 299 1830 338 ego,
1861 295 1945 337 quae
1976 288 2174 337 inquiram,

1606 338 1781 377 inaudite.
1831 339 1904 387 Ρα.
1933 338 2071 377 Verum
2097 340 2177 379 haee

1607 392 1740 429 mulier
1764 391 1875 429 dicit:
1923 401 1960 429 et
1994 392 2094 429 istud
2123 394 2178 430 vi.—

1606 445 1702 481 tium
1721 443 1814 482 mihi
1830 445 2020 496 proprium
2047 453 2104 481 est
2120 454 2179 482 ta-

1607 508 1688 534 cere
1708 510 1781 534 non
1800 510 1925 548 posse3
1946 498 1976 534 si
1992 494 2085 534 mihi
2100 509 2180 548 pro-

1606 550 1723 586 mittis
1759 558 1796 587 te
1832 550 2044 596 celaturam,
2079 549 2180 600 quod

1606 603 1739 650 quaeris
1768 602 1805 639 id
1838 601 2031 654 proferam.
2105 603 2179 640 ΡῙι.

1605 653 1666 690 Ad
1704 665 1870 692 naturam
1915 663 2017 692 tuam
2053 667 2193 707 garru-.

1605 705 1677 743 lam
1735 716 1772 744 et
1826 705 2014 758 loquacem
2068 708 2176 746 redis.
2190 695 2206 752 ‘x

1604 755 1784 796 Promitto
1844 773 1904 797 me
1957 761 2175 799 taciturnus

1604 823 1720 848 narra.
1792 812 1862 850 Pa;
1894 813 1994 850 Audi
2024 814 2181 852 attente.

1605 863 1675 901 Ph.
1706 861 1835 901 Parata
1878 878 1960 902 sum
1995 865 2038 902 ad
2073 863 2180 908 au'dib

1604 916 1753 954 endum.
1806 917 1874 954 Ρα.
1894 915 2003 955 Hanc
2020 916 2179 956 Bacchi-

1604 968 1686 1006 dem
1715 966 1931 1020 Pamphilus
1960 978 2034 1007 tam
2067 969 2180 1019 vehe-

1528 1028 1530 1030 '
1605 1031 1748 1058 menter
1760 1030 1848 1058 tunc
1859 1021 2018 1069 amabat,
2029 1032 2069 1060 ut
2082 1035 2179 1061 nun-

1605 1086 1714 1123 quam
1744 1075 1859 1125 magis
1888 1084 1995 1112 antea
2025 1077 2179 1114 amavis-

1604 1135 1674 1170 set,
1701 1127 1786 1164 cum
1806 1135 1908 1177 pater
1925 1125 2069 1164 Laches
2089 1139 2177 1167 eum

1604 1190 1730 1231 rogare
1746 1181 1874 1230 coepit,
1889 1189 1931 1217 ut
1943 1193 2092 1217 uxorem
2106 1181 2178 1218 du-

1604 1242 1686 1269 cere
1705 1231 1812 1269 velit:
1842 1241 1880 1269 et
1907 1245 1991 1270 eum
2011 1245 2178 1270 commo-

1605 1279 1773 1322 nefacere
1787 1283 1832 1321 de
1846 1283 1922 1331 his,
1940 1299 2023 1335 quae
2037 1284 2082 1323 ab
2097 1299 2178 1324 otn-

1605 1335 1713 1374 nibus
1732 1336 1894 1388 patribus
1910 1339 2029 1375 solent
2042 1351 2178 1389 propo-

1605 1390 1642 1426 ni
1650 1404 1660 1435 ς
1673 1403 1751 1427 sese
1760 1390 1848 1427 dicit
1856 1392 2055 1428 senectutis
2064 1403 2175 1428 onere

1603 1444 1736 1493 premi,
1763 1441 1869 1480 illum
1897 1444 2065 1490 unicum,
2094 1444 2177 1481 sine

1605 1494 1796 1541 fratribus;
1826 1494 1918 1532 velle
1946 1495 2018 1533 sibi
2050 1496 2088 1533 in
2118 1509 2179 1534 se-

1605 1555 1754 1585 nectute
1773 1560 1850 1584 esse
1868 1548 2043 1586 levamen.
2097 1546 2178 1587 Pri-

1604 1602 1666 1637 ιιιὸ
1679 1597 1894 1651 Pamphilus
1907 1601 2098 1639 recusabat
2115 1613 2178 1639 ac-

1604 1654 1746 1704 cipere:
1766 1653 1888 1690 verum
1901 1654 2095 1704 'postquam
2110 1667 2178 1705 pa-

1603 1714 1661 1743 ter
1677 1704 1929 1743 vehementius
1947 1717 2066 1758 urget,
2085 1706 2178 1745 fecit

1603 1767 1646 1796 ut
1665 1758 1779 1796 animi
1804 1758 1935 1795 dubius
1962 1769 2072 1805 esset,
2104 1773 2177 1810 pu-

1602 1811 1730 1848 dorine
1750 1819 1788 1848 et
1806 1812 2021 1848 reverentiae
2046 1814 2176 1863 patris,

1603 1876 1649 1900 an
1681 1864 1793 1901 amori
1821 1862 2014 1901 Bacchidis
2046 1866 2177 1902 amicae

1606 1928 1644 1953 se
1671 1915 1838 1962 dederet;
1864 1915 2023 1967 denique
2039 1917 2176 1955 crebris

1605 1966 1875 2006 hortationibus
1888 1969 2124 2020 impellendO,
2137 1979 2177 2009 et

1583 2018 1585 2021 ”
1603 2021 1729 2059 odiose
1742 2021 1941 2072 flagitando
1956 2035 2068 2060 senex
2086 2022 2177 2060 effe-

1603 2075 1668 2120 cit,
1700 2074 1800 2124 quod
1833 2074 1993 2111 volebat:
2023 2075 2177 2125 stipula-

1602 2135 1663 2164 tus
1690 2136 1746 2163 est
1773 2128 1806 2163 ei
1833 2127 1870 2164 in
1890 2140 2042 2165 uxorem
2060 2127 2177 2171 filiam

1603 2177 1713 2229 hujus
1755 2179 1862 2216 vicini
1901 2181 2055 2230 proximi
2084 2177 2175 2219 Phi-

1603 2232 1705 2283 dippi
1724 2229 1994 2269 Philumenam.
2034 2231 2094 2271 Εὸ
2110 2247 2177 2270 us·

1603 2297 1674 2334 que
1688 2284 1869 2335 sponsalia
1882 2298 1958 2322 non
1971 2286 2080 2323 nimis
2095 2299 2175 2323 mo-

1602 2337 1694 2375 leste
1711 2335 1812 2383 tulit,
1832 2351 2022 2388 quousque
2040 2339 2078 2375 in
2094 2339 2175 2389 ipso

1602 2398 1767 2440 tempore
1785 2392 2009 2441 nuptiarum,
2038 2390 2101 2428 ubi
2121 2393 2175 2428 vi-

1603 2443 1664 2480 det
1683 2456 1741 2480 eas
1758 2456 1842 2479 mox
1857 2442 2102 2490 celebrandas,
2120 2443 2174 2481 ibi
2211 2473 2214 2475 -

1603 2494 1750 2532 tandem
1778 2496 1996 2546 aegritudine
2016 2495 2118 2533 tanta
2135 2509 2174 2541 a·

1603 2549 1693 2585 nimi
1725 2548 1906 2584 cruciatus
1936 2548 2024 2592 fuit,
2066 2556 2110 2586 ut
2141 2550 2174 2587 si

1603 2601 1681 2652 ipsa
1698 2598 1858 2637 Bacchis
1878 2613 2036 2650 praesens
2062 2610 2173 2648 esset,

1603 2666 1677 2690 non
1707 2653 1878 2697 mediocri
1908 2654 2175 2692 commiserati-

1601 2718 1674 2742 one
1705 2714 1924 2743 moveretur.
2005 2703 2048 2743 In
2064 2717 2066 2720 ·
2082 2718 2175 2756 quo-

1601 2770 1749 2808 cunque
1791 2757 1888 2803 loco,
1928 2769 2091 2796 seorsum
2126 2759 2174 2796 ab

1602 2810 1690 2856 illis,
1706 2809 1791 2847 solis
1808 2809 1913 2847 nobis
1927 2822 2007 2847 esse
2022 2811 2174 2858 licebat,

1603 2872 1647 2900 ut
1683 2863 1923 2914 cogitationes
1959 2875 2042 2915 suas
2077 2862 2175 2902 mihi

1602 2927 1783 2966 exponere
1792 2914 1910 2952 verbis
1920 2915 2014 2953 elam
2028 2927 2151 2966 posset
2162 2932 2173 2952 :

1600 2964 1792 3013 Parmeno,
1820 2964 1984 3017 “perditus
2001 2981 2098 3013 sum,
2116 2969 2173 3005 di-

1599 3020 1728 3066 cebat3
1757 3020 1847 3069 quid
1874 3031 1943 3070 ego
1960 3019 2031 3057 feci
2049 3033 2173 3057 assen—

1598 3073 1724 3110 tiendo
1753 3070 1812 3109 his
1842 3072 2114 3122 sponsalibus?·
2131 3074 2171 3109 in

1599 3125 1698 3175 quod
1725 3123 1967 3162 infortunium
1996 3138 2055 3161 me
2080 3137 2172 3174 prae-

129 3174 280 3225 cipitern
298 3175 408 3214 dedi?
439 3189 514 3214 non
538 3186 669 3228 potero
695 3178 848 3217 tolerare
868 3177 966 3214 istud
986 3176 1137 3223 malurn,
1164 3175 1368 3215 Parmeno:
1400 3177 1564 3228 perditus
1591 3191 1672 3215 sum
1700 3176 1840 3214 infelix.
1893 3176 1964 3214 Ph.
1996 3176 2048 3213 At
2066 3187 2104 3213 te
2121 3177 2175 3214 dii

130 3227 208 3264 deae
237 3240 281 3265 ue
299 3228 466 3278 perdant,
485 3227 644 3276 Laches,
672 3244 757 3269 cum
776 3231 929 3269 instanti
950 3231 1014 3267 tua
1032 3239 1070 3267 et
1088 3229 1240 3268 molesta
1257 3229 1462 3267 sedulitate.
1517 3231 1586 3268 Pa.
1614 3228 1670 3268 Ut
1687 3230 1813 3281 paucis
1831 3228 1946 3265 verbis
1966 3229 2172 3266 orationem

131 3241 332 3324 absotivam,
358 3277 570 3332 Pamphilus
597 3296 747 3321 uxorem
775 3284 878 3322 ducit
905 3283 945 3320 in
964 3283 1114 3333 domum
1132 3293 1334 3332 paternam.
1387 3280 1512 3320 Nocte
1540 3282 1603 3320 illa
1622 3282 1739 3332 primii
1756 3279 2011 3318 Philumenam
2031 3283 2070 3318 in
2089 3287 2173 3319 toro

129 3342 204 3368 non
225 3332 373 3383 attigit:
400 3332 511 3370 ultera
528 3336 712 3383 sequenti,
742 3349 789 3373 ne
805 3336 920 3388 magis
938 3334 1087 3385 quidem
1107 3335 1244 3386 attigit.
1269 3363 1272 3365 -
1298 3335 1369 3373 ΡΙι.
1401 3333 1506 3377 Quid
1523 3336 1575 3372 ais
1593 3335 1608 3371 ?
1636 3333 1860 3371 Adolescens
1878 3332 1973 3370 solus
1992 3346 2077 3370 cum
2095 3335 2173 3371 una

130 3383 273 3434 virgine
300 3383 383 3435 plus
409 3384 520 3423 solito
545 3396 655 3436 potus
682 3387 868 3434 cubuerit,
894 3396 931 3424 et
949 3387 994 3425 ab
1014 3388 1092 3436 ejus
1111 3396 1235 3425 tamen
1254 3387 1481 3438 amplexibus
1499 3387 1682 3424 abstinere
1699 3398 1778 3423 sese
1796 3384 1857 3422 ille
1876 3385 2065 3436 potuerit?
2094 3399 2173 3423 non

130 3447 215 3472 vero
232 3446 517 3474 consentaneum
535 3447 574 3474 et
594 3438 781 3487 probabile
799 3441 869 3485 ais,
896 3452 1015 3490 neque
1035 3439 1072 3477 id
1089 3453 1212 3477 verum
1233 3452 1311 3476 esse
1330 3448 1432 3490 puto.
1489 3439 1558 3476 Ρα.
1586 3436 1706 3475 Credo
1728 3449 1763 3474 te
1782 3436 2031 3486 itajudicare3
2061 3447 2172 3486 nemo

129 3487 229 3525 enim
248 3499 286 3525 te
305 3490 492 3534 convenit,
512 3489 579 3526 nisi
600 3491 752 3541 cupidus
771 3501 932 3528 amator:
961 3490 1022 3528 ille
1040 3491 1167 3528 nolens
1186 3504 1266 3528 eam
1285 3503 1434 3528 uxorem
1453 3499 1610 3541 ceperat.
1672 3490 1740 3527 Ph.
1770 3486 1872 3531 Quid
1890 3488 2020 3528 deinde
2037 3503 2172 3539 sequu-

72 3542 78 3545 “
128 3547 210 3578 tum
227 3538 298 3578 fuit
313 3540 328 3577 ?
375 3541 445 3579 Ρα.
464 3539 552 3578 Non
572 3542 621 3577 ita
640 3541 760 3580 multo
777 3543 860 3594 post
873 3540 1089 3594 Pamphilus
1108 3544 1187 3580 sine
1206 3543 1363 3580 testibus
1381 3555 1542 3580 seorsum
1564 3555 1623 3579 me
1641 3541 1743 3579 ducit
1760 3551 1863 3580 extra
1875 3541 2039 3587 domurn,
2057 3552 2172 3595 atque

127 3600 247 3630 narrat
256 3601 299 3630 ut
311 3590 569 3631 Philumenam
589 3606 662 3632 non
678 3595 840 3646 attigerit
854 3611 863 3640 ;
883 3602 940 3640 ut,
958 3593 1057 3645 quod
1070 3595 1115 3632 ad
1130 3607 1168 3631 se
1181 3595 1354 3645 pertinet,
1371 3595 1472 3646 virgo
1485 3594 1595 3631 etiam
1612 3602 1692 3632 turn
1710 3593 1921 3646 incorrupta
1933 3606 2143 3646 permaneat
2157 3608 2169 3629 ·.

128 3656 165 3681 se
185 3653 379 3696 antequam
398 3658 476 3685 eam
498 3647 699 3698 accepisset
716 3659 879 3696 uxorem,
898 3659 1002 3698 spem
1018 3644 1203 3692 habuisse,
1219 3658 1260 3686 se
1280 3647 1318 3686 in
1331 3644 1389 3685 his
1409 3646 1546 3698 nuptiis
1570 3645 1859 3699 perduraturum.

1662 3695 1737 3736 20
