2340 3964
130 190 250 256 lxxa

1069 177 1626 254 PROLEGOMENA

474 336 676 401 videtur.
739 334 937 393 Etenim
969 349 1057 397 per
1086 334 1225 390 initia
1254 335 1300 383 si
1316 337 1426 388 solis
1447 348 1530 389 aut
1550 339 1722 389 iambis
1746 348 1828 389 aut
1849 339 2073 391 trochaeis
2094 342 2200 390 rer-

474 419 553 451 sus
575 402 872 461 constabant,
893 397 1082 459 videtur
1096 401 1210 457 sane
1225 401 1426 465 primam
1441 406 1676 470 quamque
1694 406 1979 469 sedem-illos
1997 407 2218 472 arripere·

473 467 714 515 debuisse.
765 466 950 514 Quibus
967 465 1125 523 verbis
1147 473 1201 515 ut
1224 467 1556 531 respondeam,
1578 471 1691 522 sane
1717 473 1924 538 primum
1942 474 2009 521 sic
2027 488 2167 538 agam
2182 491 2201 524 e

475 533 588 594 Non
620 547 722 594 esse
753 547 910 586 rerum
931 539 1152 588 naturam
1173 541 1358 587 secutos
1378 545 1560 585 veteres
1583 539 1771 600 poetas:
1808 539 1960 588 multa
1979 539 2071 587 illis
2091 555 2204 605 pro-

473 597 674 647 libidine
699 595 1011 658 factanfuisse,
1045 599 1196 653 multa
1214 597 1412 647 fortuito
1427 599 1677 658 excidisse,
1694 619 1803 666 quae
1820 614 1984 668 postea
2000 621 2087 669 pro
2110 606 2205 670 legi

472 664 564 723 bus
585 663 914 727 probarentur.
978 663 1142 719 Unum
1164 663 1282 712 illud
1305 666 1419 717 satis
1449 674 1651 722 constat,
1674 669 1784 716 cum
1807 671 2023 720 troehaeo
2043 670 2206 720 sedem

470 730 677 804 primam
696 730 973 785 retinerent,
994 745 1093 778 non
1110 728 1381 779 inconsulta
1402 731 1638 780 diversam
1664 733 1728 782 ab
1749 733 1825 791 ea,
1844 743 1894 783 et
1914 736 2018 794 aliis
2049 738 2207 801 impa-

472 796 605 851 ribus
627 794 826 846 'adverso
849 795 961 858 pedi
992 795 1156 851 iambo
1189 795 1469 860 assignasse.
1536 798 1696 847 Quare
1735 807 1894 850 autem
1926 803 2054 851 hanc
2077 803 2208 859 huic,

472 861 603 919 illam
629 861 697 923 illi
714 859 1021 920 reddiderint,
1053 861 1167 915 sane
1194 862 1320 917 haud
1347 863 1488 911 facile
1510 872 1581 913 est
1604 860 1864 915 intellectu.
1929 869 2089 932 Atque
2123 867 2210 916 hic

472 927 668 990 quidem
700 927 768 975 ita
800 927 945 975 sentit
967 926 1264 981 Priscianus:
1302 929 1556 986 Quoniam,
1589 930 1760 994 inquit,
1781 930 1833 978 in
1854 933 2061 983 secundo
2080 933 2207 1000 pede

472 995 584 1044 cum
619 992 911 1050 dimetiendo
931 991 1151 1047 feriretur
1181 1009 1359 1051 versus,
1382 994 1538 1045 minor
1568 995 1612 1043 ei
1647 997 1911 1046 locomora
1928 997 2090 1047 debita
2120 1007 2207 1049 est.

469 1059 599 1107 Nam
622 1058 740 1106 mihi
762 1057 929 1115 contra,
951 1057 1154 1115 videtur,
1191 1062 1422 1124 majorem
1454 1077 1639 1111 moram
1673 1062 1838 1115 deberi
1873 1064 1924 1111 in
1953 1065 2210 1130 pronunci-

472 1124 612 1181 ando,
638 1125 721 1172 ubi
745 1133 960 1188 tempore
982 1125 1085 1188 ipso
1108 1124 1428 1179 immoramur.
1497 1126 1565 1175 Et.
1581 1127 1754 1176 falsum
1775 1137 1900 1176 esset
1916 1129 1985 1177 ibi
2000 1130 2210 1194 positum

469 1190 661 1255 pedem,
698 1191 925 1255 quoniam
960 1189 1206 1246 feriretur:
1255 1194 1337 1245 sed
1372 1190 1555 1249 contra.
1589 1209 1753 1243 verum
1787 1203 1925 1252 esset,
1959 1196 2031 1243 ibi
2063 1194 2210 1252 feriri,

471 1257 696 1321 quoniam
719 1267 806 1320 pes
827 1264 1094 1319 poneretur.
1161 1258 1230 1304 At
1263 1258 1358 1307 hoc
1381 1257 1641 1323 quaerimus
1669 1276 1798 1308 nunc
1830 1277 1933 1317 nos,
1969 1277 2112 1326 quam
2146 1261 2210 1310 ob

471 1339 666 1381 causam
688 1322 756 1372 ibi
778 1323 958 1386 positus
981 1323 1076 1370 sit?
1109 1322 1346 1374 Praeterea
1366 1326 1406 1372 si
1429 1340 1488 1373 ea
1509 1326 1630 1374 ratio
1651 1335 1738 1381 est,
1759 1327 1999 1391 quomodo
2020 1324 2212 1382 constu-

470 1389 547 1451 bit
566 1389 619 1446 in⁴
635 1388 903 1445 trochaicis,
928 1389 1007 1453 qui
1025 1389 1208 1443 ibidem
1226 1389 1491 1440 feriuntur?
1526 1393 1596 1440 Ut
1612 1391 1757 1456 igitur
1773 1393 2046 1457 quaestionis
2063 1393 2210 1440 ratio·

470 1472 584 1515 nem
609 1453 732 1519 apud
755 1470 844 1502 nos
865 1464 1103 1518 putemuS‚
1128 1455 1453 1521 intelligamus
1477 1458 1741 1506 secundum
1762 1459 2019 1508 verborum
2042 1458 2211 1511 inven-

390 1563 397 1569 χ
472 1523 657 1578 tionem
679 1536 781 1578 esse
803 1528 857 1567 ut
878 1519 909 1568 a
931 1520 1086 1584 longis
1102 1521 1402 1589 incipiamus,
1419 1531 1470 1573 et
1491 1522 1540 1576 in
1559 1524 1725 1571 breves
1741 1522 2048 1573 deducamur.
2082 1523 2221 1573 Nam

474 1586 919 1651 quanquambrevis
936 1585 1130 1651 syllaba·
1146 1586 1320 1638 natura.
1337 1586 1424 1637 sua.
1438 1588 1567 1652 prior
1583 1598 1668 1644 est,
1688 1588 1836 1654 quam
1848 1589 2010 1654 longa,
2033 1590 2212 1658 quippe

473 1652 736 1717 simplicior
758 1661 862 1701 est:
898 1660 1060 1705 tamen
1092 1668 1181 1717 per
1209 1652 1348 1702 initia
1382 1650 1711 1705 inventionum
1743 1655 2093 1702 cunctabantur
2112 1657 2214 1719 pri-

428 1727 432 1736 '
471 1720 641 1778 mutua
675 1735 786 1784 quae
809 1718 932 1766 ratio
966 1728 1052 1775 est,
1085 1728 1140 1766 ut
1172 1734 1347 1771 vocum
1380 1719 1500 1768 fines
1528 1720 1578 1769 in
1609 1720 2004 1784 pronunciatione
2039 1720 2214 1769 obscu-

473 1794 650 1836 rentur.
698 1786 773 1832 Ita
789 1785 918 1835 enim
940 1784 1227 1841 meditantis,
1249 1795 1299 1837 et
1320 1786 1522 1834 consulti
1547 1786 1695 1834 animi
1714 1786 2006 1851 suspendere
2027 1802 2213 1843 vocem,

472 1869 573 1902 non
608 1850 930 1915 praecipitare.
998 1851 1325 1903 Quamobrem
1364 1860 1463 1900 tam
1493 1851 1545 1899 in
1577 1852 1805 1910 versibus,
1830 1851 1976 1915 quam
1998 1852 2048 1899 in
2070 1851 2214 1915 pros&

473 1917 703 1973 oratione,
726 1925 1077 1981 postremarum*
1095 1915 1392 1981 syllabarum
1416 1917 1582 1966 habita
1616 1918 1735 1966 ratio
1769 1926 1842 1965 est
1872 1918 2021 1966 nulla.
2087 1917 2209 1966 Tro-

477 1983 668 2041 ehaeum
692 1983 838 2048 igitur
869 1981 1187 2045 antiquiorem
1226 1982 1369 2035 fuisse
1403 1983 1578 2040 iambo,
1603 1993 1652 2031 et
1684 1983 1933 2049 dactylum
1967 1994 2216 2047 anapaesto

475 2066 566 2115 par
586 2058 673 2098 est.
737 2048 868 2113 Ergo
891 2048 1190 2101 trochaicum
1211 2065 1401 2099 versum
1421 2051 1630 2107 iambico
1646 2050 1869 2114 priorem.
1920 2049 2082 2105 Quare
2098 2049 2214 2098 cum

473 2116 647 2180 primae
669 2130 872 2179 quaeque
904 2113 1040 2166 sedes
1071 2114 1286 2163 trochaeo
1320 2114 1497 2164 fuerint
1526 2117 1804 2180 peculiares,
1837 2114 2003 2163 alteroe
2036 2115 2107 2163 illi
2137 2131 2217 2168 re-

473 2182 606 2231 lictae
629 2190 754 2231 sunt.
786 2181 1025 2231 Praeterea
1047 2179 1159 2234 crim
1183 2180 1421 2229 trochaeus
1438 2193 1562 2230 esset
1577 2198 1661 2246 pes
1678 2180 1911 2238 volubiliS‚
1935 2180 2095 2229 statim
2113 2197 2217 2235 sese

476 2247 676 2312 ingessit
694 2248 747 2295 in
767 2262 973 2295 versum.
1040 2246 1236 2295 Iambus
1255 2256 1413 2295 autem
1434 2257 1668 2311 grassator
1687 2247 1768 2295 ille
1789 2245 1918 2295 idem
1938 2246 2068 2303 fecit,
2088 2247 2219 2312 quod

478 2314 701 2371 civilibus
718 2314 769 2360 in
792 2313 932 2360 rebus
952 2310 1172 2377 plurimis
1187 2313 1532 2364 consuevimus·
1567 2314 1626 2361 In
1647 2313 1860 2364 oratione
1875 2311 1996 2377 ipsd,
2013 2321 2068 2359 ut
2085 2313 2222 2376 prins

477 2380 617 2444 cipiis
639 2381 795 2444 gravis
817 2396 875 2427 ac
898 2379 1063 2426 sedata
1083 2378 1159 2434 sit,
1194 2394 1407 2443 pugnam
1439 2395 1627 2443 quoque
1658 2378 1843 2426 cautius
1877 2377 2214 2443 aggredimur5

477 2455 583 2495 tum
606 2446 690 2498 illa
707 2445 905 2493 incitata
926 2444 1225 2494 effervescit:
1265 2444 1332 2492 sic
1355 2444 1416 2493 ad
1439 2446 1611 2494 saltum
1642 2445 1726 2492 ubi
1749 2460 2081 2509 comparamus
2113 2460 2218 2500 nos,

478 2511 650 2560 fortius
664 2510 837 2577 pedem
851 2510 1058 2575 figimus,
1077 2518 1131 2556 ut
1153 2511 1359 2559 statariae
1382 2527 1530 2559 morae
1554 2512 1782 2574 majorem
1807 2511 2039 2574 impetum
2066 2509 2217 2571 subji-

479 2578 678 2627 ciamus.
745 2576 825 2626 Sic
858 2575 1139 2624 Aristoteles
1159 2577 1373 2626 omnium
1394 2577 1624 2625 bonarum
1660 2577 1832 2624 artium
1855 2576 2091 2631 domium,
2111 2590 2216 2622 mo·

479 2652 583 2694 tum
607 2659 802 2693 omnem
826 2643 916 2691 sub
934 2642 1078 2690 finem
1100 2658 1199 2690 esse
1217 2643 1441 2706 probavit
1461 2643 1831 2691 concitatiorem.
1881 2642 1956 2690 Ita
1976 2639 2220 2705 proposito

480 2710 716 2774 spondaeo
737 2719 788 2758 et
809 2709 987 2764 iambe,
1009 2708 1152 2757 satius
1174 2707 1265 2756 fuit
1287 2710 1349 2758 ab
1375 2709 1465 2757 hoc
1482 2709 1619 2758 illum
1642 2710 1817 2774 excipi.
1883 2707 2119 2755 Praeterea
2140 2721 2218 2753 re-

481 2774 755 2826 centissima
779 2773 965 2840 quaque
990 2773 1220 2824 memoria
1241 2773 1341 2823 fere
1363 2774 1591 2823 metimur
1613 2775 1741 2839 ipsas
1763 2789 1864 2822 res:
1899 2787 2043 2835 quare
2066 2771 2216 2836 assig-

481 2843 598 2893 nata
619 2840 905 2908 prima‘sede
923 2839 1182 2896 trochaicO,
1201 2841 1372 2889 ultima
1388 2857 1575 2906 quoque
1591 2837 1856 2889 necessari&
1879 2837 2092 2884 trochaeo
2107 2835 2218 2884 fini·

480 2918 575 2960 tur.
633 2909 755 2958 Quae
774 2906 922 2962 sedes,
941 2907 1145 2973 primam
1163 2905 1290 2962 dico,
1314 2908 1350 2955 si
1376 2907 1525 2956 iambi
1542 2906 1721 2961 fuisset,
1743 2907 1791 2951 in
1815 2901 1983 2950 ultima
2002 2901 2217 2950 iambum

481 2976 666 3024 nullum
693 2974 979 3021 haberemus
995 2988 1010 3019 z
1044 2987 1174 3019 nunc
1200 2981 1250 3018 ut
1271 2972 1316 3019 in
1340 2970 1399 3019 ea
1416 2971 1494 3018 ille
1517 2971 1592 3027 sit,
1615 2986 1751 3035 pares
1772 2968 1991 3016 sedes'illi
2016 2968 2220 3015 attribu-

483 3040 623 3091 endae
643 3039 774 3087 fuere
790 3054 806 3086 z
840 3047 893 3085 ut
911 3037 1232 3086 recentissimo
1248 3054 1379 3095 sono,
1399 3037 1575 3103 quippe
1592 3035 1862 3093 novissimo,
1879 3048 2014 3082 aures
2029 3044 2227 3098 specta-r

482 3112 955 3167 torum'caperentur.
1336 3134 1343 3143 .

550 3173 675 3227 Quae
697 3170 758 3218 de
774 3167 997 3219 universa
1017 3186 1066 3218 re
1082 3168 1289 3218 dicenda
1306 3177 1455 3224 erant,
1476 3165 1575 3216 fere
1596 3166 1761 3221 habes,
1778 3166 1942 3232 Sylvi:
1965 3180 2111 3229 quare
2129 3162 2215 3210 de·

482 3240 650 3302 inceps
671 3235 730 3284 ad
751 3251 824 3292 ea,
849 3251 959 3299 quae
995 3235 1319 3297 particulatim
1341 3233 1673 3283 animadversa
1704 3242 1827 3287 sunt,
1861 3230 2218 3279 descendamus.

485 3307 646 3369 Atque
665 3300 900 3366 equidem,
928 3311 983 3348 ut
1004 3317 1105 3348 sese
1128 3301 1344 3356 oflerent,
1368 3301 1434 3348 ita
1449 3315 1508 3347 ea
1528 3299 1812 3348 describam.
1862 3300 1934 3345 Sit
1955 3313 2071 3360 ergo
2093 3294 2219 3360 quod

484 3371 625 3420 affert
648 3369 709 3416 ab
733 3366 963 3430 Adelphis
985 3383 1042 3417 eo
1065 3382 1203 3414 versu
1223 3382 1244 3418 :k
1595 3389 1598 3392 ⁴

619 3434 742 3486 Quid
762 3434 932 3492 isfeez't
946 3436 970 3479 ,9
1004 3432 1118 3496 quid
1140 3432 1393 3490 illefecem‘t
1412 3435 1437 3479 ,Ρ
1468 3447 1594 3495 quem
1614 3446 1750 3494 neque
1765 3429 1921 3494 pudet.
1995 3445 2000 3449 ·

550 3501 674 3554 Ctim
700 3498 829 3549 enim
849 3507 1131 3563 agnosceret
1147 3499 1402 3551 senarium,
1425 3512 1579 3560 neque
1597 3498 1827 3544 rationem
1847 3495 1964 3543 inire
1976 3487 2213 3563 possetdi-

485 3564 802 3627 mensionum,
825 3563 1022 3613 abstulit
1052 3564 1247 3614 alteram
1282 3579 1343 3611 ex
1378 3562 1570 3627 liquidis
1604 3564 1655 3610 in
1691 3562 1993 3627 pronomine,
2026 3559 2134 3620 ἑῖὲ)
2168 3554 2215 3602 nd

488 3632 612 3697 quod
635 3642 688 3683 ut
708 3647 801 3697 ego
823 3645 1012 3696 quoque
1035 3629 1205 3695 fatear,
1229 3638 1279 3678 et
1310 3645 1464 3694 posse,
1499 3639 1548 3677 et
1581 3629 1730 3678 solere
1766 3628 1896 3677 lieri:
1933 3627 1996 3706 ita
2019 3620 2099 3671 hic
2122 3620 2216 3669 dne
