2314 3944
748 161 982 222 ACTUS
1019 162 1116 216 ΙΙΙ.
1185 159 1419 217 SCENA
1449 158 1518 212 V.
2081 160 2153 224 79

116 305 334 365 Terram
357 304 556 376 intuens
586 304 825 361 modeste.
859 307 956 359 Απ.
980 305 1144 368 miser.
1185 305 1274 358 Ch.
1306 320 1433 372 ego„
1449 299 1532 352 in-

151 423 154 428 ,
261 377 384 446 quit,
408 376 472 428 ad
495 394 699 427 coenam
723 377 844 428 hinc
869 394 959 429 eo:

119 445 340 502 Abducit
356 464 531 499 seeum
553 447 788 500 ancillas:
825 465 1016 517 paucae,
1034 463 1158 516 quae>
1175 444 1365 497 circum
1389 442 1530 495 illam

259 526 437 580 essent,
457 527 662 568 manent

118 585 338 643 Novitiae
353 589 559 656 puellas.
595 587 834 646 continuo
857 587 968 638 haee
990 586 1244 650 adornant,
1268 593 1324 636 ut
1347 585 1492 636 lavet.

117 656 383 721 Adhortor,
405 668 683 727 properent.
711 659 830 709 dum
869 667 1145 726 apparatur,
1166 656 1304 723 virgo
1327 654 1381 706 in
1405 672 1527 706 con-

224 754 227 760 ·
261 729 389 780 clavi
411 729 563 792 sedet,
1324 763 1330 769 x
1458 729 1527 775 35

119 796 417 867 Suspectans
454 800 677 850 tabulam
711 798 959 866 quandam
997 796 1204 866 pictam,
1239 794 1328 846 ubi
1369 794 1529 846 inerat

258 869 453 937 pictura
475 869 603 933 haec,
626 869 805 921 Jovem
1431 896 1433 899 -

116 934 236 995 Quo
258 949 404 1008 pacto
431 939 628 991 Danaae<
657 937 846 990 misisse
884 936 1025 989 aiunt
1048 935 1303 1007 quondam
1338 935 1391 988 in
1414 953 1529 1004 gre-

258 1010 421 1063 mium-
445 1010 659 1065 imbrem
682 1025 902 1059 aureum.
1444 1062 1449 1066 ,

116 1077 338 1147 Egomet
372 1098 567 1150 quoque
610 1079 663 1131 id
697 1086 917 1146 spectare
941 1076 1110 1146 coepi:
1147 1084 1198 1128 et
1222 1077 1339 1147 quia
1363 1076 1527 1131 consi-

258 1150 442 1204 milem
459 1153 639 1202 luserat

114 1218 233 1273 Jam
258 1221 382 1273 olim
406 1221 492 1272 ille
510 1221 704 1286 ludum,
731 1217 988 1287 impendio
1007 1217 1164 1286 magis
1186 1217 1383 1270 animus
1401 1235 1527 1286 gau-
1537 1268 1541 1275 ,,

255 1291 405 1343 debat
422 1290 580 1355 mihi3

113 1357 291 1416 Deum
309 1379 412 1414 sese
437 1361 492 1413 in
510 1359 767 1413 hominem
791 1358 1100 1425 convertisse,
1123 1368 1273 1429 atque
1295 1377 1386 1429 per
1402 1359 1525 1417 alie,-

257 1448 343 1482 nas
367 1434 559 1500 tegulas
1455 1436 1526 1482 40

114 1500 321 1557 Venisse
343 1504 632 1559 clanculum
654 1516 745 1570 per
777 1500 1096 1570 impluvium,
1133 1503 1308 1553 fucum
1333 1502 1526 1559 factum

234 1572 472 1625 ‘mulierL
830 1577 834 1583 ’
879 1615 884 1623 .

113 1644 184 1697 At
220 1661 373 1712 quem
412 1644 602 1695 deum?
641 1642 728 1713 qui
757 1645 947 1713 templa
985 1643 1106 1695 coeli
1140 1659 1338 1695 summa
1359 1643 1526 1699 sonitu

255 1713 480 1766 concutit
503 1734 516 1766 ε
816 1716 818 1723 ⁴

112 1785 228 1854 Ego
253 1784 526 1837 homuncio
558 1785 655 1836 hoc
691 1803 794 1838 non
824 1785 1075 1838 facerem?
1115 1803 1210 1854 ego
1244 1784 1360 1836 vero
1399 1783 1526 1836 illud

254 1855 371 1919 feci,
395 1874 454 1924 ac
479 1855 670 1907 lubens,
747 1874 750 1878 ·

114 1924 251 1979 Haec
287 1926 409 1978 dum
450 1943 652 1978 mecum
688 1936 881 1996 reput0,
915 1926 1181 1980 accersitur
1203 1928 1420 1979 lavatum
1445 1927 1524 1978 in-

254 2005 388 2050 term
408 1997 564 2066 virgo,
1372 1997 1523 2065 [runt.

112 2067 177 2131 lt,
199 2068 335 2132 lavit,
358 2068 513 2120 redit:
551 2068 730 2119 deinde
754 2068 893 2120 illam
927 2070 981 2121 in
1004 2071 1138 2120 lecto
1159 2067 1261 2119 illae
1285 2070 1518 2133 conloca-

111 2139 204 2191 Sto.
226 2148 531 2207 exspectem,
559 2139 600 2191 si
625 2139 744 2207 quid
767 2139 895 2199 mihi
919 2140 1196 2210 imperent:
1232 2138 1369 2189 venit
1391 2157 1519 2191 una:

253 2209 407 2266 Hefus‘
420 2219 493 2274 tu,
516 2210 696 2279 inquit,
715 2210 873 2275 Dore,
1449 2216 1519 2262 46

114 2279 257 2348 Cape
281 2280 377 2332 hoc
399 2281 669 2345 flabellum,
688 2283 947 2334 ventulum
971 2280 1091 2332 huic
1115 2279 1187 2331 sic
1211 2279 1380 2344 facit0,
1399 2278 1521 2333 dum

252 2351 500 2402 lavamus:
1273 2391 1275 2394 -
1359 2398 1379 2404 ,
1476 2401 1480 2403 μ

113 2420 218 2472 Ubi
239 2438 325 2472 nos
349 2421 630 2495 laverimuS,
658 2421 699 2472 si
722 2424 874 2489 voles,
892 2424 1067 2474 lavato.
1105 2419 1300 2489 accipio
1322 2420 1487 2474 tristis·

111 2492 206 2544 An.
243 2486 635 2560 Tum'equidem
666 2492 792 2544 istuc
820 2512 873 2545 os
903 2502 1049 2545 tuum
1068 2491 1333 2562 impudens
1356 2492 1525 2545 videre

254 2561 471 2614 nimium
495 2563 695 2626 vellem,

1580 297 1749 344 modeste
1775 297 1902 338 defixis
1935 299 1979 339 in
2017 309 2158 344 terram.

1581 351 1711 391 oculis.
1753 350 1830 390 An.
1855 349 1989 398 Miser,
2008 355 2072 403 qui
2083 368 2156 406 pro

1581 403 1734 442 libidine
1770 402 1948 455 explenda.
1983 414 2060 444 tam
2093 408 2157 444 in·

1581 456 1692 507 digna
1707 455 1846 494 tuleris.
1896 455 1965 495 Ch.
1983 455 2156 509 Ego,in-
2237 463 2242 468 '

1582 509 1664 559 quit
1675 506 1803 555 Tha’is,
1829 506 1875 546 ad
1895 521 2038 547 coenam
2054 501 2156 549 mili-'

1582 561 1631 598 tis
1659 559 1747 598 hinc
1766 573 1831 599 eo:
1859 559 2008 598 abducit
2024 569 2174 602 secum)

1579 612 1727 651 ancillas
1743 626 1827 664 quae
1843 626 1883 650 se
1902 614 2149 662 comitentur:

1579 677 1707 716 paucae
1741 678 1825 715 quae
1858 665 1989 718 virgini
2017 666 2158 717 adsint,

1558 725 1561 728 ’
1580 715 1677 754 domi
1695 727 1846 763 restant,
1865 730 1926 754 om
1976 731 1993 757 s
2024 720 2150 758 recens

1580 777 1730 821 emptae,
1752 778 1791 807 et
1811 769 1857 807 ad
1875 720 2062 917 εενξίιιῐιι
2085 784 2152 822 pa-

1579 833 1661 858 rum
1676 831 1782 871 aptae.
1818 820 1936 860 Confe
1986 836 2026 860 m
2040 835 2156 874 appa-

1579 881 1659 910 rant
1683 872 1828 919 balnea,
1856 882 1900 910 ut
1924 875 1958 911 vi
1977 886 2029 926 go
2043 869 2155 927 lavet,

1578 923 1684 964 Dum
1710 925 1930 964 adornantur
1950 928 2152 967 necessaria

1580 975 1631 1014 ad
1654 977 1845 1024 lotionem,
1863 979 1973 1029 virgo,
1992 980 2032 1016 in
2059 992 2160 1018 con--

1580 1029 1670 1066 clavi
1685 1030 1786 1068 sedet
1815 1031 2014 1081 suspiciens
2031 1039 2168 1070 atteri·-

1579 1081 1618 1119 τὲ
1649 1080 1811 1120 tabulam
1839 1083 1990 1132 pictam,
2017 1084 2159 1134 parieti

1574 1146 1793 1186 ·appensam;
1813 1135 1917 1184 cujus
1934 1135 2076 1186 pictura
2091 1149 2151 1173 re·-

1578 1185 1866 1238 praaeentabatur
1889 1184 2058 1238 Jupiter,
2071 1201 2154 1239 quo.

1579 1239 1689 1287 modo
1719 1239 1854 1276 dicitur
1881 1237 2057 1277 infudisse
2081 1253 2148 1279 au-

1576 1303 1675 1329 ream
1692 1290 1850 1342 pluviam
1869 1291 1907 1328 in
1921 1292 2054 1330 ‚sinum
2068 1285 2149 1331 Da·—

1577 1349 1675 1381 naes.
1735 1341 1897 1395 Egomet
1927 1357 2075 1394 quoque
2110 1344 2150 1383 id

1577 1404 1724 1434 contem
1750 1395 1844 1438 latus
1874 1409 1978 1433 sum:
2007 1404 2044 1433 et
2061 1397 2147 1447 quia

1577 1449 1758 1486 consimii
1788 1448 1875 1486 ludo
1905 1461 1945 1485 se
1985 1447 2147 1486 oblecta-

1577 1509 1690 1547 verat,
1724 1500 1842 1539 multi>
1875 1501 1991 1552 magis
2021 1502 2148 1541 animo

1577 1553 1798 1602 gaudebam:
1826 1553 1951 1591 videns
1968 1552 2077 1591 deum
2105 1566 2149 1592 se

1578 1605 1619 1643 in
1643 1604 2148 1653 hominm-transformasse,

1577 1666 1688 1709 atque
1705 1659 1744 1695 in
1760 1666 1859 1696 tecta
1882 1657 2002 1696 aliena
2019 1657 2149 1697 furtim

1576 1723 1643 1761 per
1658 1710 1874 1762 impluvium
1904 1708 2156 1758 descendisse,

1575 1771 1622 1800 ut
1663 1763 1855 1801 mulierem
1888 1761 2040 1806 falleret.
2091 1762 2150 1802 At

1576 1827 1687 1865 quem
1718 1815 1854 1853 deum?
1883 1827 1974 1854 eum
1998 1828 2157 1867 nempe,

1575 1868 1641 1916 qui
1661 1867 1795 1906 coelum
1822 1867 1963 1905 tonitru
1984 1881 2152 1906 commo-

1575 1929 1635 1957 vet
1667 1929 1704 1958 et
1744 1918 1967 1958 tremefacit:
2009 1922 2041 1958 si
2085 1920 2158 1963 ille

1575 1969 1657 2010 haec
1672 1971 1777 2019 fecit,
1796 1972 1980 2023 quomodo
1994 1985 2064 2024 ego
2076 1971 2148 2011 ho-

1574 2025 1770 2063 munculus
1821 2038 1897 2063 non
1932 2025 2058 2062 eadem
2094 2023 2150 2066 fa-

1574 2077 1720 2127 cerem,²
1778 2075 1864 2129 Ego
1903 2078 1987 2115 vero
2038 2076 2156 2122 illurn.

1574 2127 1620 2167 In
1662 2128 1749 2177 hoc,
1791 2138 1830 2167 et
1867 2129 2026 2168 libenter
2059 2130 2147 2168 imi,-

1573 2185 1672 2220 tatus
1721 2195 1817 2220 sum.
1908 2180 2014 2221 Dum
2063 2179 2146 2221 haee

1573 2247 1644 2285 ego
1659 2235 1757 2286 apud
1770 2248 1829 2272 me
1847 2235 1986 2287 cogito,
1997 2244 2154 2274 vocatur>

1572 2288 1678 2339 virgo>
1705 2288 1751 2326 ad
1779 2287 1953 2326 balneum
1981 2288 2154 2326 interim..

1573 2340 1618 2385 it,
1648 2339 1747 2386 lavit,
1778 2340 1894 2378 redit:
1935 2339 2066 2378 deinde
2099 2339 2147 2378 il·

1572 2391 1647 2430 lam
1664 2390 1804 2431 ancillae
1821 2393 1861 2430 in
1889 2392 1988 2430 lecto
2011 2405 2148 2443 posue-

1574 2453 1676 2483 runt.
1745 2443 1813 2483 Sto
1841 2452 2072 2495 exspectans,
2114 2445 2154 2485 si.

1575 2497 1674 2547 quod
1696 2495 1790 2535 mihi
1819 2497 1911 2535 dent
1931 2497 2146 2535 necotiumz

1575 2550 1675 2587 venit
1694 2562 1767 2587 una
1791 2563 1835 2587 ex
1859 2550 1934 2587 eis:
1961 2528 2068 2586 fieus
2085 2557 2146 2597 tu,

1577 2602 1711 2652 inquit,
1729 2601 1847 2648 Dore,
1860 2613 1967 2646 sume
1992 2599 2064 2639 hoc
2080 2600 2148 2640 fla-

29 2691 32 2693 ,
110 2650 267 2698 bellum,
294 2662 333 2690 et
357 2653 408 2690 sic
435 2653 622 2693 ventulum
653 2652 740 2691 huic
769 2655 944 2701 excitato,
961 2655 1050 2693 dum
1079 2654 1259 2692 lavamus:
1286 2653 1354 2693 ubi
1382 2655 1405 2693 ὲ
1429 2654 1561 2693 balneo
1579 2654 1805 2702 redierimus,
1831 2655 1863 2692 si
1880 2650 1992 2701 voles,
2010 2653 2146 2693 lavato.

111 2703 270 2761 Accipio
293 2705 332 2741 in
350 2717 477 2742 manus
504 2705 705 2751 flabellum,
727 2707 901 2746 simulans
919 2721 979 2745 me
1005 2708 1150 2746 tristem
1175 2719 1267 2745 esse.
1318 2706 1394 2746 An.
1420 2706 1527 2757 Tunc
1553 2705 1721 2759 profecto
1747 2708 1854 2746 istam
1884 2706 2017 2746 faciem
2043 2715 2146 2746 tuam

111 2755 363 2809 impudentem
377 2770 548 2810 cuperem
566 2771 626 2798 me
640 2759 787 2806 vidisse,

910 2941 1268 2983 ANNOTATION
1274 2942 1348 2983 ΕΞ.

164 3071 214 3103 34
229 3063 335 3104 'Hoec
349 3067 539 3115 adornant,
555 3073 596 3105 ut
613 3066 736 3117 lavet]
793 3066 900 3115 Haec,
917 3081 998 3119 pro,
1028 3069 1102 3115 ἤιε,

109 3113 306 3168 ἆρχαῑὶῶς.
358 3118 532 3170 Antiquis
547 3123 658 3158 moris
675 3129 767 3166 erat,
785 3127 828 3157 ut
854 3120 1006 3172 singulis
1023 3121 1102 3158 die-

110 3168 180 3208 bus
211 3170 389 3209 lavarent:
417 3170 505 3210 hinc
532 3181 589 3210 tot
619 3173 750 3211 balnea
773 3172 922 3225 publica
954 3182 994 3210 et
1024 3175 1101 3224 pri-

111 3230 206 3259 vata.

164 3280 214 3312 35
243 3274 290 3311 In
305 3275 492 3325 conclavi]
548 3276 728 3315 Conclave
754 3286 810 3316 est
833 3277 936 3316 locus
960 3291 1102 3329 separa-

111 3326 184 3363 tior
200 3326 239 3363 in
257 3324 410 3374 aedibus,
436 3329 489 3364 sic
503 3327 634 3376 dictus,
652 3330 750 3380 quod
770 3330 866 3368 intra
882 3343 968 3370 eum
983 3331 1102 3369 multa

110 3376 280 3416 cubicula
297 3378 417 3416 clausa
430 3380 515 3418 sint.

163 3435 211 3474 37
243 3429 324 3468 Quo
377 3437 454 3469 acto
469 3433 644 3483 Danaae]
701 3431 793 3472 Haec
812 3433 935 3472 fabula
959 3434 1004 3473 de
1031 3436 1100 3473 im-

99 3481 174 3521 ‚bre
216 3494 325 3520 aureo
394 3490 499 3522 ana&
534 3486 575 3522 in
608 3485 678 3524 hoc
714 3487 916 3538 composita
949 3496 1019 3534 est,
1054 3496 1098 3525 ut

91 3535 370 3572 'monstraretur
395 3535 489 3574 nihil
516 3550 609 3585 esse,
654 3538 726 3576 uod
756 3551 843 3576 auro
874 3547 912 3576 et
942 3541 1108 3589 pecunia-

90 3587 308 3677 upupam
333 3601 408 3626 non
433 3590 560 3640 possit.
640 3591 795 3629 -eminit
821 3591 983 3640 ejusdem
1008 3591 1099 3630 Ovi-

110 3637 191 3677 dius
224 3637 272 3676 ib.
291 3640 336 3676 iv.
366 3638 734 3696 Metamorphoseon‚
764 3651 802 3681 et
827 3640 1006 3683 Horatius
1029 3644 1099 3684 ode

109 3691 183 3730 xvi.
201 3691 284 3732 libri
303 3692 424 3743 primi.

1206 3075 1254 3106 41
1288 3068 1426 3107 Venisse
1457 3070 1663 3108 clanculum
1681 3080 1746 3122 per
1763 3068 2012 3121 impluvium]
2067 3067 2144 3108 Im·

1151 3119 1318 3171 pluvium
1339 3120 1410 3159 fuit
1426 3134 1508 3160 area
1525 3123 1605 3160 sine
1636 3132 1754 3170 tecto,
1780 3122 1855 3176 quo
1879 3121 2056 3174 impluere
2074 3123 2144 3160 im-

1151 3173 1218 3211 ber
1234 3174 1273 3210 in
1290 3173 1440 3211 domum
1458 3183 1595 3226 posset.

1202 3225 1342 3263 Fucum
1356 3225 1502 3275 factum
1519 3226 1690 3276 mulieri]
1722 3225 1753 3265 F
1752 3239 1843 3265 ucus
1861 3234 1917 3263 est
1930 3238 2046 3277 genus
2058 3223 2143 3264 her-

1151 3277 1210 3315 bae
1237 3278 1420 3330 tingendis
1454 3280 1545 3316 lanis
1576 3279 1692 3317 utile:
1735 3279 1834 3317 unde
1874 3291 1941 3329 pro
1972 3278 2143 3316 artificio·

1151 3343 1195 3368 so
1220 3339 1258 3368 et
1284 3329 1489 3369 adulterino
1525 3332 1645 3370 colore
1684 3333 1851 3369 sumitur.
1912 3328 2054 3368 Fucum
2087 3329 2144 3368 fa-

1151 3396 1247 3429 cere,
1283 3391 1340 3420 est
1372 3384 1563 3423 artificiosa
1595 3383 1883 3422 dissimulatione
1907 3381 2081 3421 deludere
2104 3390 2144 3421 et

1150 3434 1287 3473 fallere.

1201 3496 1252 3526 42
1282 3487 1357 3525 Qui
1374 3490 1508 3541 templa
1525 3487 1636 3538 coeli.]
1694 3484 1831 3526 Versus
1846 3491 1932 3535 sunt
1948 3483 2081 3526 Ennii.

1176 3567 1178 3569 >
1200 3547 1250 3578 45
1280 3541 1326 3577 In
1342 3541 1429 3578 lecto
1450 3539 1708 3589 conlocarzmt]
1740 3539 1778 3579 A
1795 3540 1935 3580 balneis
1948 3541 1989 3579 ‘m
2002 3539 2140 3578 lectum

1149 3606 1189 3630 se
1201 3592 1363 3644 recipere
1376 3594 1486 3632 moris
1503 3602 1595 3641 erat,
1619 3602 1660 3632 ut
1682 3606 1722 3631 se
1745 3592 1936 3633 reficerent
1950 3594 1974 3635 a
1988 3591 2140 3634 <las-itu-

1149 3644 1236 3683 dine
1253 3653 1293 3683 et
1310 3645 1453 3684 sudore.
