2314 3944
117 159 224 207 264

122 295 212 333 Par.
260 292 314 334 At
339 295 412 338 hoc
442 301 567 345 modo,
607 298 692 348 quia

37 368 42 375 ·
118 347 271 397 rediisti,
311 351 420 390 citius
446 360 484 389 te
513 350 571 389 his
599 350 693 387 cala-

117 399 312 440 :nitatibus
327 402 479 441 liberare
499 412 616 455 potes.
650 399 692 439 Si

118 453 258 493 tardius
285 467 443 492 reversus
479 453 591 501 esses,
632 452 692 492 hae

118 506 200 552 irae,
219 519 302 556 quae
319 518 406 544 sunt
423 509 519 544 inter
536 517 691 544 matrem

118 567 159 596 et
185 571 335 609 uxorem
356 570 474 605 tuam,
493 558 693 598 vehemen-

118 612 197 650 titis
236 607 466 657 exarsissent,
505 623 545 650 et
583 611 697 656 factae,

97 664 99 677 ²
117 673 242 702 essent
266 663 384 701 'multo
400 665 598 715 graviores:
627 664 691 703 sed

117 728 220 768 nunc
244 716 319 764 sci-o
336 717 460 766 ambas
479 717 617 755 reditsss
634 719 691 756 tui

117 774 322 819 respectum
347 767 548 816 habituras,
576 771 628 808 ita
650 779 691 808 ut

116 821 229 859 altera
255 822 403 859 alteram
435 835 604 860 accusare
631 836 692 860 ve·
714 839 721 845 ’-

348 873 411 912 De
448 876 693 914 controversia

117 938 342 978 cognosces:
373 928 599 966 iracundiam
631 942 691 966 ea-

117 991 201 1017 rum
237 979 401 1018 sedabis:
457 994 580 1022 rursus
608 994 691 1032 gra-

117 1032 209 1070 tiam
232 1033 327 1070 inter
346 1045 405 1073 eas
423 1033 689 1073 reconciliabis.

118 1082 254 1123 Facilia
269 1094 356 1123 sunt
370 1083 466 1132 hoec,
489 1100 573 1137 quae
590 1099 692 1137 mag-

118 1138 159 1175 ni
178 1138 363 1189 ponderis,
383 1147 420 1175 et
435 1137 596 1176 diflicilia
613 1153 691 1176 esse

119 1191 189 1228 tibi
207 1192 430 1242 persuasisti.
462 1193 570 1230 Pam.
588 1190 691 1236 Quid

118 1242 283 1281 dolorem
313 1257 437 1282 meum
457 1244 561 1283 solari
584 1257 692 1283 cona-

117 1296 196 1334 ris?
216 1309 261 1333 an
282 1297 478 1348 quisquam
498 1296 694 1336 hominum

118 1358 195 1396 tam
210 1348 338 1388 infelix
352 1361 422 1397 est,
442 1359 484 1388 ut
498 1364 518 1387 e
545 1363 660 1388 osum
677 1351 692 1389 ?

117 1400 336 1452 Priusquam
372 1402 468 1453 hanc
539 1401 697 1441 hilume·

119 1468 206 1493 nam
236 1456 272 1493 in
293 1467 442 1494 uxorem
462 1457 602 1508 accepi,
630 1455 696 1495 ha·

119 1507 253 1546 bebam
296 1510 333 1546 in
371 1508 441 1547 alia
477 1509 629 1547 muliere
656 1523 695 1547 a-

117 1562 263 1601 nimum
291 1575 415 1599 amore
449 1570 692 1614 occupatum:

121 1615 271 1652 nuncin
285 1627 329 1652 eo
338 1628 450 1665 quem
461 1615 545 1652 dico
557 1627 694 1662 amore,

119 1668 189 1705 etsi
210 1665 301 1705 nihii
316 1667 450 1715 dicam,
470 1669 623 1719 quisque
641 1667 697 1706 fa-

119 1720 182 1758 cili
210 1721 363 1773 negotio
397 1723 529 1759 rescire
557 1730 695 1773 potest,

118 1773 260 1824 quanta
299 1772 516 1814 infelicitate
552 1786 696 1825 pressus

116 881 250 914 reatur.

49 1821 51 1823 ¹
119 1825 270 1872 fuerim,
311 1826 358 1863 ob
391 1826 469 1876 ejus
499 1825 695 1864 Bacchidis

112 1879 254 1931 jurgia,
294 1886 332 1916 et
363 1877 531 1917 fastidia:
571 1892 694 1918 tamen

118 1931 311 1988 nunquam
329 1944 461 1988 negare
475 1933 570 1984 patri
587 1946 695 1971 ausus

119 1998 219 2032 sum,
265 1986 304 2022 in
344 1997 494 2023 uxorem
531 1986 696 2037 accipere

120 2051 218 2092 eam,
233 2050 346 2090 quam
359 2035 451 2077 mibi
467 2051 532 2089 per
545 2038 619 2076 vim
634 2038 708 2077 ille*

120 2090 271 2140 objecit.
300 2089 372 2129 Vix
391 2103 452 2128 me
465 2103 589 2129 amore
600 2089 697 2130 Bac-

120 2142 240 2182 chidis
273 2143 400 2191 avulsi,
443 2153 554 2195 atque
584 2143 623 2181 in
655 2144 698 2182 ea

121 2196 334 2235 devinctum
370 2197 535 2235 animum
570 2210 698 2235 meum

121 2249 289 2295 liberavi,
352 2250 483 2300 vixque
508 2295 514 2301 ⁴
537 2263 698 2288 amorem

121 2315 248 2341 meum
277 2301 299 2339 a
325 2300 511 2340 Bacchide
538 2303 575 2340 in
603 2301 699 2340 hanc

120 2368 245 2394 meam
267 2368 413 2393 uxorem
438 2353 699 2394 Philumenam

121 2417 423 2453 transverteram3
484 2407 588 2454 hem,
640 2422 698 2447 re-

122 2474 211 2500 cens
225 2460 364 2498 factum
385 2461 517 2499 deinde
533 2461 695 2506 obvenit,

150 2523 273 2566 ropter
328 2513 428 2565 quod
476 2514 611 2556 invitus
652 2514 698 2555 ab

155 2567 197 2606 fic
251 2568 440 2604 divertam.
522 2565 700 2607 Praeterea

125 2633 174 2658 ex
190 2618 259 2656 hac
278 2619 504 2658 dissensione
521 2632 580 2656 me
599 2633 700 2658 com-

122 2672 315 2724 perturum
336 2681 429 2724 puto
445 2674 570 2711 utrum
587 2682 703 2711 mater

125 2738 225 2772 mea,
251 2739 298 2763 an
316 2739 422 2772 uxor,
452 2727 501 2763 sit
519 2726 597 2775 ejus
615 2739 701 2764 cau-

124 2791 180 2823 sa,
221 2787 259 2815 et
286 2779 403 2829 origo,
474 2777 588 2820 Quod
615 2779 701 2816 curn

126 2843 350 2882 cognovero,
363 2832 450 2882 quid
466 2830 560 2869 rnihi
574 2844 702 2883 snper-

123 2891 198 2930 δεῖ,
227 2884 294 2921 nisi
322 2891 367 2921 ut
391 2885 428 2921 in
458 2893 642 2934 posterum
663 2886 702 2922 in

126 2936 299 2981 miseriis,
353 2945 392 2973 et
435 2938 608 2974 aerumnis
651 2938 704 2974 vi-

127 2989 242 3026 vam?
286 3001 388 3034 nam,
421 2986 615 3035 Parmeno,
646 2990 702 3041 pi-

130 3043 239 3080 etatis
273 3039 423 3079 affectus
459 3042 624 3092 requirit,
661 3052 704 3079 ut

127 3094 283 3144 injuriae
298 3095 425 3132 matris
440 3095 612 3140 tolerem;
641 3095 705 3132 dc-

127 3147 217 3185 inde
247 3147 347 3184 uxori
380 3147 570 3185 devinctus
597 3160 703 3193 ωιτη

129 3199 224 3237 ndei)
264 3212 383 3237 mores
418 3213 518 3237 meos
550 3200 614 3237 diu
641 3200 706 3238 sua

131 3252 326 3290 mansueta
360 3253 488 3290 natura
521 3266 634 3302 usque
661 3253 707 3290 ad

131 3305 246 3342 finem
265 3305 370 3350 tulit3
400 3318 513 3354 quum
541 3305 706 3355 injurias,

132 3356 267 3407 quibus
276 3370 356 3394 eam
365 3355 485 3403 affeci,
493 3370 638 3408 semper
648 3371 707 3396 ee-

131 3408 237 3454 lavit,
258 3422 325 3446 nec
344 3422 498 3459 usquam
515 3411 726 3449 declaravit:

733 158 790 210 P.
825 152 1173 208 TERENTII
1211 153 1522 212 HECYRA.

747 295 878 349 Par.
914 298 985 348 At
1021 297 1092 347 sic
1130 296 1293 360 citiuS,
1329 299 1419 367 qui
1453 307 1503 349 te
1538 302 1769 369 expedias
1804 303 1882 356 his
1907 301 2162 367 aermnnss,

888 367 1119 436 reperies·
1317 422 1324 427 ,
1924 373 2124 443 [pliores
2146 391 2160 425 ε

747 437 802 488 Si
830 455 931 489 non
956 438 1198 502 rediisseS,
1233 438 1316 489 hae
1352 438 1440 490 irae
1478 438 1623 491 factae
1658 453 1819 494 essent
1853 445 2016 497 multo
2051 461 2162 495 am-

747 508 846 560 Sed
874 527 1011 560 nunc
1035 510 1308 563 adventum
1341 518 1490 561 tuum
1523 514 1711 577 ambaS,
1743 513 2022 584 Pamphile,
2058 514 2164 565 scio

885 580 1190 633 reverituraS.
2099 591 2164 636 lo

745 649 875 702 Rem
904 669 1210 719 cognosces:
1249 652 1375 704 iram
1412 652 1672 723 expedies:
1709 653 1935 707 restitues
1965 673 2162 708 rursum

886 721 940 774 in
964 722 1194 791 gratiam.
1817 724 1980 792 [duxti
1998 737 2164 779 tuum.

742 791 901 843 Levia
923 804 1055 856 sunt,
1098 812 1212 863 quae
1247 803 1302 845 tu
1326 795 1584 864 pergravia
1618 813 1722 846 esse
1757 794 1812 846 in
1833 795 2060 850 animum
2085 798 2165 850 in-

746 863 902 915 Pam.
943 863 1082 920 Quid
1128 867 1384 916 consolare
1419 867 1540 918 me?
1579 884 1644 917 an
1668 866 1932 936 quisquam
1957 884 2166 938 usquam

888 935 1117 1003 gentium
1141 946 1214 986 est
1239 940 1382 1006 aeque
1407 937 1590 989 miser?

742 1005 886 1058 Prius
912 1008 1062 1075 quarn
1089 1006 1220 1058 hanc
1246 1026 1455 1060 uxorem
1481 1008 1618 1072 duxi,

886 1095 1030 1128 mum
1051 1078 1211 1133 amori
1236 1079 1461 1130 deditum
1483 1100 1495 1130 ε

744 1147 864 1200 Jam
903 1148 956 1199 in
989 1149 1087 1200 hac
1123 1167 1193 1212 re,
1235 1159 1293 1200 ut
1315 1160 1530 1215 taceam,
1569 1149 1726 1201 cuivis
1761 1149 1910 1202 facile
1932 1150 2069 1202 scitu
2095 1158 2168 1202 est

887 1220 1041 1295 quam
1065 1220 1249 1275 fuerim
1276 1221 1456 1274 miser:
2103 1225 2167 1275 15

744 1291 946 1346 Tamen
985 1308 1244 1360 nunquam
1283 1311 1428 1343 ausus
1463 1310 1572 1345 sum
1600 1310 1826 1346 recusare
1849 1306 1980 1357 eam,
2016 1307 2168 1364 quam

892 1365 966 1413 mi
989 1362 1211 1414 obtrudit
1235 1374 1390 1431 pater.
2052 1367 2055 1370 ’
2130 1380 2134 1385 ’
2170 1383 2177 1388 ’

747 1431 848 1484 Vi'x
890 1450 974 1484 me
1014 1432 1158 1484 illinc
1196 1434 1428 1499 abstraxi,
1482 1444 1632 1504 atque
1674 1433 1992 1505 impeditum,
2018 1433 2074 1486 in
2110 1435 2172 1487 ea

893 1504 1125 1573 expedivi
1148 1505 1377 1557 animum
1404 1524 1597 1570 meum,
2084 1504 2085 1507 ¹

748 1573 947 1644 Vixque
983 1574 1082 1626 huc
1120 1578 1461 1642 contuleram3
1498 1577 1616 1628 hem
1657 1593 1785 1628 nova
1821 1593 1897 1630 res
1937 1586 2046 1643 orta
2080 1584 2174 1642 est,

890 1647 1040 1715 porro
1064 1647 1126 1698 ab
1151 1647 1247 1698 hac
1273 1666 1385 1717 quae
1409 1667 1492 1700 me
1515 1648 1782 1704 abstrahat.

747 1715 882 1769 Turn
903 1728 1116 1769 matrem
1142 1736 1204 1769 ex
1229 1722 1290 1769 ea
1312 1737 1364 1773 re
1390 1738 1473 1771 me
1498 1729 1584 1771 aut
1607 1736 1817 1771 uxorem
1839 1718 1892 1774 in
1919 1720 2070 1790 culpa
2091 1717 2172 1772 in-

890 1799 1158 1840 venturum
1181 1790 1416 1842 arbitror:
2107 1795 2172 1842 19

750 1859 887 1917 Quae
920 1862 1044 1911 cum
1065 1861 1138 1912 ita
1161 1879 1265 1915 esse
1290 1862 1542 1926 invenem,
1579 1860 1701 1931 qnid
1724 1870 1888 1927 restat,
1911 1859 2008 1913 nisi
2026 1861 2173 1930 porro

893 1941 949 1982 ut
974 1930 1091 1982 fiam
1120 1932 1300 1983 miser?
1984 1929 2173 2004 [jubet-

749 2002 886 2055 Nam
932 2002 1102 2072 matris
1143 2004 1270 2061 ferre
1314 2001 1517 2072 injurias
1561 2020 1662 2066 me,
1713 2003 1980 2069 Parmeno,
2015 2003 2174 2072 pietas

747 2073 885 2125 Turn
925 2072 1068 2126 uxori
1095 2074 1350 2126 'obnoxius
1385 2092 1532 2138 sum;
1584 2074 1653 2125 ita
1689 2074 1813 2130 olim
1849 2091 1939 2126 suo
1973 2091 2058 2127 me
2095 2073 2175 2126 in-

893 2144 1046 2212 genio
1064 2145 1304 2213 pertulit3
1677 2155 1679 2159 ⁴
1964 2164 1966 2167 ’
2023 2145 2174 2214 [loco.

750 2215 853 2268 Tot
878 2234 1014 2268 meas
1041 2214 1249 2285 injurias
1283 2235 1399 2285 quae
1435 2234 1696 2285 nunquam
1730 2215 1782 2267 in
1808 2217 1915 2268 ullo
1937 2216 2175 2284 patefecit

754 2287 855 2337 Sed
912 2305 1158 2355 magnum
1215 2288 1384 2339 nescio
1437 2287 1559 2357 quid
1595 2304 1795 2339 necesse
1830 2298 1905 2340 est
1931 2287 2179 2353 evenisse,
2229 2296 2233 2301 ’

895 2357 1163 2422 Parmeno,
1964 2358 1988 2426 s
1987 2358 2049 2410 sit
2073 2358 2178 2413 diu.

753 2426 1011 2481 Undeira
1048 2429 1179 2483 inter
1215 2447 1300 2480 eas
1336 2429 1629 2495 intercessit,
1664 2449 1779 2499 quae
1810 2437 1915 2480 tarn
1941 2447 2176 2499 perman·

754 2502 883 2554 Par.
925 2499 1050 2551 Hoc
1073 2501 1279 2569 quidem
1313 2501 1483 2553 hercle
1520 2520 1726 2570 parvum
1749 2502 1857 2566 est3
1893 2500 1935 2552 si
1964 2500 2036 2552 vis
2059 2501 2178 2554 verb

893 2589 1060 2622 veram
1086 2571 1332 2623 rationem
1357 2573 1578 2641 exsequi,
2107 2577 2178 2625 26

754 2642 876 2694 Non
901 2660 1171 2712 maxumae,
1215 2661 1329 2711 quae
1360 2661 1614 2696 maxumae
1639 2654 1754 2695 sunt
1783 2643 2036 2700 interdum
2071 2643 2177 2708 irae,

896 2711 1092 2781 injuriae
1539 2741 1545 2747 ⁵
1753 2741 1758 2748 ·

755 2783 1004 2837 Faciunt:
1043 2803 1160 2836 nam
1188 2803 1318 2854 saepe
1346 2795 1434 2852 est,
1470 2782 1649 2859 quibus
1686 2787 1740 2838 in
1777 2787 1920 2838 rebus
1954 2783 2081 2837 alius
2113 2801 2178 2836 ne

898 2856 1049 2906 iratus
1075 2857 1279 2922 quidem
1305 2865 1394 2920 est,
1912 2854 2176 2924 [cissimus.

759 2927 890 2984 Cttm
928 2927 991 2977 de
1028 2928 1202 2978 eadem
1242 2931 1413 2979 caussa
1439 2938 1512 2978 est
1536 2928 1798 2980 iracundus
1822 2927 1981 2978 factus
2005 2926 2178 2978 inimi-

755 2997 906 3049 Pueri
943 2997 1075 3048 inter
1111 3016 1214 3049 sese
1252 3001 1404 3068 quam
1428 3017 1519 3067 pro
1541 2998 1731 3050 levibus
1767 2996 1927 3049 noxiis
1958 2996 2053 3048 iras
2087 3014 2179 3066 ge-

898 3069 1054 3120 runt?
1112 3116 1117 3121 ,
1407 3119 1410 3125 ,
2109 3074 2184 3119 30

761 3138 1117 3207 Quapropter?
1156 3140 1271 3209 quia
1296 3140 1450 3204 enim,
1477 3139 1563 3209 qui
1586 3157 1670 3192 eos
1693 3141 1941 3209 gubernat
1964 3138 2179 3204 animus,

900 3209 1158 3261 infirmum
1183 3222 1379 3279 gerunt.
1807 3245 1811 3248 -

759 3279 942 3333 Itidem
962 3281 1197 3332 mulieres
1213 3293 1328 3333 sunt
1343 3280 1518 3347 ferme,
1535 3292 1588 3333 ut
1605 3282 1766 3352 pueri,
1786 3280 1883 3333 levi
1905 3279 2177 3334 sententiat

1643 1006 1892 1059 habebam
1912 1007 2034 1060 alibi
2054 982 2162 1062 ani·
2183 1051 2186 1054 .

756 3415 820 3454 sed
840 3416 1011 3467 ingentes
1029 3430 1154 3455 causas
1173 3419 1337 3468 oportuit
1355 3427 1455 3457 natae
1474 3432 1568 3467 esse,
1594 3417 1791 3466 Parmeno,
1818 3428 1966 3471 propter
1983 3432 2073 3469 quas
2089 3418 2182 3462 adeb

134 3469 241 3498 tanta
267 3461 454 3522 iracundia
486 3463 580 3501 inter
607 3477 666 3500 eas
698 3467 912 3514 intervenit,
939 3483 1023 3519 quoe
1049 3470 1140 3508 adeo
1166 3471 1340 3509 diuturna
1364 3471 1410 3509 ad
1436 3470 1532 3510 hauc
1560 3473 1658 3510 diem
1684 3474 1933 3523 perseveravit.
1986 3472 2074 3509 Par.
2101 3470 2180 3509 Aut

136 3525 261 3572 parvae
277 3514 447 3563 equidem
467 3529 583 3553 causae
601 3529 827 3558 evenerunt:
855 3521 886 3560 si
905 3523 955 3559 vis
974 3535 1094 3565 veram
1114 3524 1293 3561 rationem
1315 3524 1398 3561 verb
1413 3526 1599 3576 persequi,
1631 3537 1707 3562 non
1735 3534 1820 3562 sunt
1837 3525 2007 3562 maximoe
2025 3523 2184 3572 injurioe,

137 3578 186 3602 ex
201 3564 335 3614 quibus
354 3568 523 3605 oriuntur
539 3569 600 3605 iroe
620 3570 801 3610 interdurn
822 3574 1083 3613 acerbissimae:
1114 3589 1197 3612 nam
1222 3589 1320 3627 saepe
1337 3578 1476 3622 evenit,
1503 3578 1589 3615 cum
1607 3578 1815 3623 iracundus,
1843 3577 1907 3627 qui
1925 3577 1970 3614 ad
1989 3576 2077 3614 iram
2095 3583 2181 3626 pri>-

137 3629 276 3669 pensus
296 3627 365 3664 est,
384 3620 432 3656 sit
451 3619 718 3661 infensissimus
736 3639 782 3663 ex
800 3626 923 3664 eadem
940 3628 1060 3673 causa,
1078 3640 1123 3666 ex
1141 3628 1213 3678 qua
1227 3629 1318 3666 alius
1337 3631 1375 3667 in
1394 3629 1523 3667 iisdem
1543 3630 1666 3676 rebm,
1685 3643 1731 3670 ne
1747 3630 1944 3674 minimum
1959 3628 2107 3678 quidem
2125 3628 2178 3666 ἰῐᾶ

135 3681 423 3708 commveutur.
456 3670 583 3713 Quam
600 3676 703 3724 pueri
723 3677 817 3718 inter
833 3692 911 3716 sese
930 3693 996 3730 pro
1013 3680 1153 3717 levibus
1170 3679 1434 3720 offensionibus
1453 3683 1521 3719 iras
1538 3683 1736 3720 exercent?
1766 3680 2015 3724 Quamobrem
2032 3681 2047 3718 ἓ
2076 3677 2179 3722 Quia

54 3752 57 3756 ,
133 3722 236 3763 cert&
256 3735 358 3759 mens
376 3736 459 3772 quae
475 3737 536 3761 eos
555 3725 655 3763 ducit
672 3729 802 3773 debilis
815 3740 853 3772 et
866 3732 1076 3777 inconstans
1093 3732 1290 3777 admodum
1304 3745 1370 3779 est,
1412 3732 1590 3778 Similiter
1607 3734 1775 3777 mulieres
1794 3742 1881 3775 sunt
1897 3732 1986 3782 fere,
2002 3740 2044 3772 ut
2057 3733 2177 3785 pueri,

131 3773 209 3819 bvi
226 3775 414 3820 voluntate
431 3785 471 3815 et
487 3777 688 3831 opiniouei
