2314 3944
69 168 175 215 268

69 317 140 356 ogo
150 305 248 342 certe
265 303 341 354 ejus
361 304 526 342 misertus
544 313 640 340 sum.

68 357 202 396 Procul
216 357 330 395 dubio
348 355 420 394 hoc
445 369 514 394 usu
538 355 641 391 venit

67 410 242 448 omnibus
262 409 367 447 nobis
399 406 639 447 hominibus:

70 471 114 502 ut
143 466 210 500 res'
231 461 403 500 eveniunt
439 459 560 504 nobis,
591 459 642 496 ita

68 514 171 561 elati,
225 523 263 552 et
298 512 458 555 ,demissi
505 520 645 548 sumus.

70 565 188 606 Hunc
213 566 277 604 illa
302 576 506 602 sermonem
526 562 644 600 facere

71 633 218 658 mecum
235 618 353 669 primo
367 617 529 667 incepitt
549 617 575 654 ὀ
593 617 643 654 mi
693 653 694 656 ,

69 670 277 723 Pamphile,
305 682 450 707 causam
490 680 647 721 cognos-

68 727 137 771 cis,
190 731 339 774 propter
389 734 500 773 quam
564 719 644 758 haec

69 777 145 815 filia
162 788 246 825 mea
259 775 282 813 ὃ
307 775 421 814 domo
435 774 554 812 vestra
571 774 646 812 dis-

68 828 239 874 cesserit:
284 841 369 866 nam
413 835 582 878 stuprum
610 827 646 864 ei

68 882 212 922 illatum
246 889 301 919 est
331 881 465 932 virgini
495 880 586 917 olim
623 880 646 918 ὃ,

67 935 195 972 neseio
225 946 300 985 quo
332 933 515 985 flagitioso
543 943 646 970 tene·
669 957 675 965 ι

67 986 220 1026 brione:
267 998 366 1023 nunc
402 985 465 1023 illa
502 985 549 1023 ad
584 997 645 1022 me

67 1049 222 1079 mtrem
257 1052 361 1077 suam
390 1037 575 1088 confugit,
603 1047 647 1075 ut

66 1093 153 1139 tibi,
180 1101 292 1142 atque
318 1091 399 1129 aliis
431 1104 471 1128 se
499 1090 665 1142 parien-‘

67 1155 145 1183 tem
158 1143 372 1182 occultaret.
398 1141 538 1182 Veram
555 1144 644 1181 etun

65 1199 295 1250 precationes
326 1197 436 1234 istius
469 1197 644 1235 memoria

66 1259 212 1303 repeto,
232 1263 307 1288 non
320 1261 467 1339 possum
480 1263 540 1287 me
555 1262 644 1286 con-

63 1304 185 1342 tinere
215 1302 237 1340 a
266 1302 322 1340 lac
350 1303 474 1354 rymis.
528 1300 644 1345 Quae-

67 1368 226 1407 cumque
253 1355 376 1393 subita
401 1354 566 1402 fortuna,
584 1356 643 1392 in-

94 1410 163 1455 uit,
199 1417 238 1446 te
281 1407 389 1446 nobis
427 1407 538 1447 hodie
581 1407 643 1445 ad-

65 1422 190 1509 duxit,
207 1474 275 1513 per
301 1474 382 1499 eam
409 1469 449 1499 te
482 1460 644 1499 obtesta-

68 1527 154 1558 mur
189 1513 307 1552 ambae
342 1526 460 1554 mater
490 1522 528 1551 et
555 1513 643 1559 filia,

66 1569 99 1606 ai
114 1567 266 1620 perjura
279 1565 438 1608 humana
451 1567 644 1618 divinaque

65 1620 214 1662 licitum
231 1628 303 1666 est,
319 1628 362 1657 ut
381 1619 459 1670 ejus
489 1618 644 1657 infortu-

67 1674 132 1712 nia
145 1683 213 1711 tuo
228 1671 410 1710 beneficio
430 1672 588 1719 occulta,
606 1680 645 1710 et

66 1726 218 1764 silentio
245 1725 393 1765 obtecta
418 1727 494 1762 sint
523 1727 645 1772 omni-

65 1778 150 1818 bus-
182 1777 225 1817 Si
243 1791 406 1829 unquam
424 1791 505 1816 eam
523 1778 643 1815 amico

66 1833 193 1870 animo
222 1839 258 1868 te
277 1831 504 1882 complexam
529 1830 642 1868 fuisse

66 1884 289 1936 cognovisti,
334 1884 386 1921 mi
434 1881 642 1935 Pamphile,

65 1938 191 1978 eadem
213 1949 312 1974 nunc
329 1946 367 1974 te
379 1946 476 1982 orat,
491 1947 530 1974 ut
547 1935 643 1974 hanc

65 1990 221 2042 gratiam
240 1988 310 2028 sibi
329 1989 505 2028 concedas
527 1988 641 2040 (quod

66 2043 174 2082 facile
200 2040 321 2094 potes)
351 2055 419 2094 pro
440 2042 559 2081 amico
576 2041 641 2079 illo

67 2098 193 2134 animo
223 2108 310 2148 erga
326 2103 387 2133 te:
416 2095 479 2136 sed
491 2095 536 2132 de
551 2094 643 2133 reci·

65 2149 201 2200 pienda
218 2149 275 2196 ea,
299 2157 362 2185 aut
387 2147 579 2200 ejicienda,
606 2147 643 2184 id

63 2201 174 2240 facias
193 2202 290 2252 quod
308 2200 374 2238 tibi
406 2201 642 2239 commodum

63 2253 259 2300 videbitur,
278 2263 317 2291 et
334 2255 515 2305 expedIet.
567 2252 640 2291 La-

63 2308 194 2347 horare
229 2320 310 2344 eam
341 2306 465 2344 dolore
498 2309 638 2358 partus,

65 2373 190 2412 neque
204 2371 454 2411 praegnantem
474 2359 494 2397 a
513 2370 549 2398 te
566 2358 640 2397 fac·

64 2422 142 2452 tam
153 2426 246 2459 esse,
257 2426 367 2450 nemo
377 2412 542 2450 omnium
555 2426 642 2465 cog·-

64 2466 167 2506 novit
193 2475 327 2518 praeter
346 2475 382 2503 te
405 2465 539 2512 solum,
557 2479 641 2505 nam

65 2519 199 2557 dicunt
219 2531 299 2557 eam
318 2519 386 2556 tibi
415 2529 567 2570 nuptam
585 2529 641 2556 te-

50 2576 152 2611 ‘cum
205 2570 444 2609 concubuisse
497 2571 639 2610 duobus

65 2624 254 2664 mensibus
282 2633 365 2676 post
381 2625 511 2662 vitium
538 2623 641 2662 obla-

64 2685 167 2716 tum:
195 2686 276 2715 tum
305 2685 499 2728 postquam
527 2677 570 2715 ad
602 2688 638 2716 te

64 2730 221 2769 deducta
243 2739 313 2776 est,
334 2730 470 2767 mensis
480 2729 558 2779 jam
575 2729 638 2769 hic

63 2791 122 2822 est
139 2782 336 2834 septimus:
365 2783 464 2832 quod
481 2791 518 2820 te
545 2783 638 2822 scire

63 2849 122 2875 res
149 2836 229 2887 ipsa
246 2834 414 2872 declarat.
467 2833 583 2873 Nunc
609 2837 639 2875 si

63 2889 144 2929 fieri
162 2895 295 2939 potest,
309 2885 515 2939 Pamphile,
529 2887 640 2926 vehe-

63 2940 291 2981 mentissime
309 2941 419 2992 cupio
436 2949 474 2978 et
500 2942 639 2989 laboro,

64 3004 108 3033 ut
131 3004 254 3046 partus
272 2990 501 3031 Philumenae
523 2994 639 3032 laten·

63 3056 121 3085 ter
135 3047 212 3093 fiat,
231 3046 340 3084 etiam
363 3046 555 3096 ignorante
575 3060 637 3097 pa-

63 3109 134 3146 tre,
165 3108 276 3150 atque
309 3099 433 3136 insciis
463 3099 636 3137 omnibus

62 3152 159 3190 aliis.
184 3150 258 3189 Sed
270 3152 302 3189 si
316 3152 395 3190 fieri
409 3164 482 3189 non
497 3161 635 3203 potest,

64 3206 155 3256 quin
176 3221 178 3223 >
216 3204 389 3249 resciant,
438 3212 634 3256 praetexam

62 3255 152 3304 hoc,
186 3257 326 3295 scilicet
353 3270 433 3294 eam
464 3257 636 3296 abortum

60 3308 202 3355 fecisse,
232 3319 271 3347 et
301 3310 538 3348 immaturum
567 3309 635 3348 foe·

62 3370 145 3400 tum
167 3362 327 3411 ejecisse.
397 3360 488 3400 Scio
517 3364 635 3401 nemi-

693 159 750 212 P.
786 155 1134 230 TEREN‘m
1171 146 1488 211 HEcr-RA.

690 299 1003 352 Lacrumans
1027 298 1237 350 misera:
1276 296 1556 350 miseritum
1589 308 1679 353 est.
1751 300 1980 361 Profecto
2015 300 2113 353 hoc

740 371 742 373 ’
833 369 905 420 sic
930 379 1019 433 est,
1050 379 1106 421 ut
1131 379 1271 439 put0,
1886 425 1893 436 ,

697 441 940 492 Omnibus
961 441 1102 491 nobis
1123 447 1180 491 ut
1211 457 1290 492 res
1328 441 1452 491 dant
1487 455 1604 504 sese,
1640 440 1716 493 ita
1752 444 1928 513 magn-i
1965 450 2116 510 atque

841 511 1043 563 humiles
1065 527 1251 562 sumus.
2045 517 2115 564 20

699 582 854 635 Hanc
878 582 1062 633 habere
1087 581 1366 634 orationem
1402 596 1608 632 mecum
1632 581 1881 651 princ-ipio
1903 583 2114 635 instititz

698 654 748 704 O
773 653 845 705 mi
872 652 1154 721 Pamphile,
1191 653 1277 704 abs
1318 662 1368 703 te
1407 653 1736 720 quamobrem
1778 653 1887 705 haec
1922 654 2118 718 abierit,

838 741 1061 776 caussam
1087 723 1254 775 vides:

697 793 831 847 Nam
858 793 1036 846 vitium
1076 803 1150 845 est
1181 797 1405 846 oblatum
1446 793 1629 863 virgini
1666 793 1808 857 olim,
1847 796 1912 846 ab
1946 797 2117 848 nescio

840 883 940 936 quo
966 866 1228 934 improb03
1785 866 1929 934 [laret
1950 884 2113 921 suum.

697 935 852 987 Nune
886 937 988 988 huc
1020 937 1264 1004 confugit,
1297 946 1347 987 te
1385 946 1532 1005 atque
1566 936 1688 988 alios
1724 947 1921 1005 partum
1947 948 2005 989 ut
2028 956 2115 990 ce-

699 1007 801 1059 Sed
825 1009 941 1058 cum
963 1017 1099 1061 orata
1122 1005 1226 1075 ejus
1251 1007 1559 1072 reminiscor,
1583 1025 1779 1077 nequeo
1803 1007 1928 1078 quin
1949 1009 2114 1061 lacru-

842 1096 980 1130 mem
1008 1079 1174 1130 miser.
2048 1085 2117 1132 25

695 1149 928 1220 Quaeque
953 1150 1050 1200 fors
1078 1150 1274 1201 fortuna
1298 1159 1387 1213 est,
1411 1149 1592 1219 inquit,
1620 1150 1762 1202 nobis
1800 1168 1913 1221 quae
1948 1159 1999 1202 te
2023 1151 2119 1204 ho-

837 1221 919 1272 die
943 1220 1142 1284 obtulit,
1905 1263 1909 1268 .

694 1292 790 1344 Per
812 1310 925 1348 eam
949 1302 999 1343 te
1023 1293 1340 1363 obsecramus
1365 1293 1547 1356 ambae,
1569 1291 1611 1343 si
1627 1291 1724 1359 jus,
1748 1293 1790 1344 si
1814 1295 1886 1345 fas
1905 1301 1994 1358 est,
2013 1295 2094 1344 uti

695 1364 918 1416 Advorsa
941 1361 1046 1433 ejus
1073 1365 1169 1433 'per
1187 1375 1237 1415 te
1260 1374 1394 1416 tecta
1417 1363 1824 1433 tacitaqueapud
1848 1382 2023 1416 omnes
2047 1364 2115 1416 si-

839 1444 939 1487 ent.
1082 1434 1083 1437 ’
1151 1458 1154 1460 >
1721 1435 1814 1504 [mi
1837 1435 2120 1505 Pamphile,

698 1504 754 1556 Si
779 1524 1002 1575 unquam
1028 1523 1145 1575 erga
1168 1514 1236 1570 te,
1260 1504 1433 1558 animo
1453 1524 1556 1557 esse
1579 1506 1746 1558 amico
1769 1506 1970 1558 sensisti
1987 1525 2119 1572 eam,

698 1577 821 1629 Sine
845 1577 1013 1628 labore
1051 1578 1183 1629 hanc
1207 1578 1439 1646 gratiam,
1460 1586 1513 1629 te
1537 1579 1612 1629 uti
1646 1576 1755 1628 sibi·
1778 1577 1864 1629 des
1898 1595 1990 1647 pro
2012 1577 2119 1641 illa,

841 1667 986 1713 nunc,
1002 1660 1143 1718 rogat
1163 1667 1176 1699 ε
2048 1654 2120 1700 30

698 1719 952 1771 Caeterum
975 1721 1036 1772 de
1078 1720 1363 1785 reducenda
1403 1720 1456 1772 id
1497 1721 1594 1784 fac,
1637 1719 1771 1790 quod
1823 1719 1875 1771 in
1912 1737 2018 1772 rem
2054 1719 2121 1772 sit

837 1801 995 1843 tuam.

694 1861 942 1914 Parturire
979 1881 1109 1927 eam,
1145 1881 1309 1934 neque
1346 1863 1603 1932 gravidam
1641 1880 1746 1914 esse
1779 1881 1841 1914 ex
1878 1871 1945 1926 te,
1985 1863 2117 1914 solus

837 1933 1081 1986 conscius·
1808 1932 2080 2002 [mensibus
2101 1954 2114 1985 ε

694 2003 828 2055 Nam
867 2004 1011 2056 aiunt
1048 2015 1219 2056 tecum
1254 2007 1366 2075 post
1404 2005 1597 2056 duobus
1631 2004 1960 2056 concubuisse
2001 2022 2115 2056 eam

692 2075 847 2140 Tum,
871 2086 1135 2145 postquam
1159 2077 1223 2128 ad
1258 2089 1307 2128 te
1332 2076 1489 2141 venit,
1511 2076 1694 2128 mensis
1717 2075 1880 2144 agitur
1903 2074 1987 2127 hic
2002 2075 2116 2146 jam

835 2186 844 2197 .
923 2147 958 2197 ἴ·
1079 2187 1093 2200 .

693 2164 922 2274 (ἑὶιιοὰςῗὲ
939 2164 1082 2282 ἓξὲξ,
1115 2219 1222 2289 ipsa
1259 2218 1446 2273 indicat
1483 2235 1574 2269 res·
1645 2234 1783 2268 nunc
1806 2216 1846 2268 si
1869 2216 2002 2286 potis
2026 2226 2116 2281 est,

833 2288 1116 2359 Pamphile,
2043 2295 2112 2342 35

694 2360 940 2413 Maxume
963 2363 1093 2426 vo10,
1116 2361 1282 2431 doque
1318 2378 1540 2431 operam,
1566 2368 1624 2410 ut
1647 2361 1777 2411 clam
1810 2369 1976 2429 partus
2000 2377 2115 2411 eve-

836 2432 941 2483 niat
963 2442 1158 2501 patrem
1182 2453 1195 2485 t
1841 2430 2112 2500 [sentiant3

692 2504 860 2571 Atque
885 2503 1010 2555 adeo
1033 2504 1257 2555 omneis:
1294 2501 1378 2555 sed
1404 2502 1444 2554 si
1469 2502 1576 2553 fieri
1601 2502 1651 2553 id
1675 2519 1776 2553 non
1801 2511 1964 2571 potest
1990 2502 2114 2570 quin

692 2573 879 2626 Dicam
900 2575 1128 2627 abortum
1155 2592 1259 2626 esse
1280 2595 1292 2626 ε
1318 2575 1421 2626 scio
1446 2573 1639 2625 nemini
1663 2574 1808 2625 aliter
1824 2586 2111 2642 suspectum

833 2647 955 2710 fore,
1898 2645 2113 2712 [putent.

693 2716 851 2781 Quin,
893 2717 1028 2785 quod
1063 2716 1333 2783 verisimile
1358 2725 1447 2782 est,
1471 2735 1535 2768 ex
1559 2726 1608 2767 te
1632 2717 1765 2767 recte
1791 2732 1908 2766 eum
1935 2726 2112 2767 natum

693 2787 947 2840 Continuo
971 2799 1281 2857 exponetur:
1319 2789 1403 2840 hic
1443 2788 1536 2840 tibi
1575 2788 1703 2839 nihil
1742 2796 1815 2837 est
1838 2785 2109 2855 quidquam

833 2859 1175 2924 incommodi3
1216 2870 1267 2910 et
1962 2898 1965 2901 .
2039 2861 2113 2908 40

691 2930 772 2981 Illi
800 2930 994 2982 miserae
1018 2929 1224 2998 indigne
1247 2932 1433 2981 factam
1459 2928 1692 2999 injuriam
1720 2926 2012 2979 contexeriS.

691 3001 950 3054 Pollicitus
975 3020 1118 3065 sum3
1158 3012 1208 3052 et
1230 3018 1420 3051 servare
1455 3001 1508 3052 in
1534 3018 1594 3051 eo
1631 3009 1823 3050 certum
1850 3009 1938 3061 est,
1975 2998 2112 3067 quod

832 3072 953 3135 dixi,
977 3071 1148 3123 fidem.
1734 3070 1862 3136 [esse
1886 3068 2111 3133 arbitror,

688 3142 822 3194 Nam
850 3143 911 3194 de
935 3143 1230 3206 reducenda,
1269 3141 1321 3193 id
1354 3142 1468 3192 vero
1506 3140 1796 3209 neutiquam
1842 3139 2109 3208 honestum

688 3214 799 3265 Nec
824 3214 1034 3265 faciam:
1077 3213 1167 3265 etsi
1190 3230 1331 3265 amor
1354 3229 1436 3263 me
1460 3211 1674 3280 graviter
1701 3211 2109 3281 consuetudoque

830 3283 934 3353 ejus
958 3294 1113 3336 tenet.
1575 3303 1581 3309 ·

62 3427 149 3453 nem
167 3414 273 3452 aliter
290 3415 574 3466 suspicaturum,
590 3415 716 3466 quam,
734 3415 831 3466 quod
855 3414 1043 3467 probabile
1061 3423 1130 3462 est,
1146 3428 1230 3453 eum
1245 3428 1290 3453 ex
1307 3423 1343 3452 te
1361 3415 1528 3466 genitum
1549 3428 1638 3455 esse.
1692 3414 1797 3453 Illico
1813 3423 2014 3466 exponetur
2029 3428 2038 3450 ε
2068 3415 2106 3451 in

61 3464 134 3505 hac
151 3480 190 3504 re
212 3466 352 3504 celandi
370 3467 494 3519 partus
512 3467 654 3506 nullum
671 3469 802 3519 pateris
820 3468 1107 3513 incommodum,
1123 3476 1160 3505 et
1179 3468 1231 3506 illi
1257 3467 1410 3515 infelici,
1430 3468 1592 3520 indignae
1608 3482 1691 3518 quae
1715 3468 1883 3517 injuriam
1899 3466 2030 3505 factam
2048 3480 2109 3504 ac·

62 3519 217 3570 ciperet,
234 3517 616 3572 honorem·integrum
635 3522 839 3559 servaveris.
891 3519 1046 3558 Promisi
1064 3518 1145 3558 haec
1165 3521 1296 3566 facere,
1313 3534 1395 3571 quae
1415 3530 1528 3559 mater
1542 3519 1738 3572 Myrrhina
1759 3533 1826 3571 pro
1843 3519 1886 3557 ca
1898 3519 2107 3570 postulavit.

60 3570 146 3610 Stat
162 3571 273 3608 fixum
291 3581 399 3621 atque
433 3582 613 3611 mmotum
632 3572 725 3611 mihi
743 3575 780 3612 in
801 3587 846 3611 eo
863 3574 961 3624 quod
980 3573 1145 3625 promisi,
1161 3573 1270 3611 fidem
1287 3573 1496 3612 inviolatam
1513 3586 1664 3611 servare.
1712 3571 1809 3609 Nam
1829 3581 1871 3609 ut
1886 3585 1966 3609 eam
1982 3585 2027 3609 ex
2044 3584 2109 3622 pa-

59 3624 126 3663 tris
140 3623 250 3660 domo
262 3623 305 3661 ad
326 3637 390 3661 nos
411 3624 594 3671 reducam,
611 3623 765 3676 eamque
783 3627 971 3678 recipiam,
989 3639 1061 3664 non
1083 3625 1183 3664 valde
1209 3626 1432 3664 conveniens
1449 3634 1489 3666 et
1506 3626 1679 3667 decorum
1697 3638 1775 3664 csse
1789 3625 1920 3678 opinor
1929 3641 1942 3672 3
1971 3636 2038 3663 nec
2053 3622 2105 3661 fa-

62 3678 178 3715 ciam:
208 3677 372 3727 quamvis
389 3677 469 3725 ejus
484 3691 622 3726 amore,
641 3687 679 3717 et
697 3679 971 3719 conversatione
991 3677 1227 3720 vehementer
1245 3679 1391 3720 afficior.
