2314 3944
813 155 1054 232 -ACTUS
1090 176 1162 231 Π.
1238 177 1468 232 scENA
1505 175 1583 231 11.⁵

172 319 283 375 Nec
311 331 363 380 te
395 320 595 392 pro-his
627 322 819 372 curasse
845 321 1005 385 rebuS,
1045 338 1110 371 ne
1133 320 1268 389 quod
1293 322 1426 389 aegre
1458 329 1585 371 esset

311 393 472 445 mihi?
1227 437 1231 441 ,
1513 397 1584 442 30

168 463 251 517 Se.
288 464 407 517 Non
431 466 546 516 mea
568 466 719 533 opera
743 480 907 532 neque
930 463 1017 532 pol
1034 463 1199 530 *culpa
1223 462 1407 515 evenit.
1479 461 1581 513 La.

207 575 234 578 Α,
307 534 466 585 immo
491 537 746 586 maxume.

166 603 285 655 Sola
309 604 394 656 hie
418 605 553 656 fuisti
576 625 588 656 ε
627 605 680 656 in
714 615 764 656 te
789 604 953 655 omnis
977 603 1134 655 haeret
1158 605 1307 672 culpa
1330 605 1451 667 sola,
1487 602 1582 654 So-

303 685 467 728 strata.

164 743 296 801 Quae
320 746 404 797 hic
430 756 586 812 erant,
625 751 851 810 curares;
889 747 1006 797 cum
1044 763 1140 814 ego
1171 762 1256 796 vos
1293 744 1417 796 solvi
1451 745 1581 796 curis

306 818 514 883 caeteris,

162 885 299 942 Cum
311 891 482 956 puella
496 907 650 940 anum
665 887 936 957 suscepisse
953 885 1240 937 inimicitias
1251 904 1351 938 non
1361 887 1542 956 pudet?

157 955 302 1008 Illius
320 958 453 1010 dices
479 961 629 1029 culpa
651 960 870 1012 factum?
927 958 1013 1009 Se.
1038 957 1172 1008 haud
1191 958 1423 1027 equidem
1446 958 1577 1022 dico,

104 1082 106 1084 ,
301 1029 373 1080 mi
399 1029 612 1083 LacheS.
1506 1034 1574 1080 35

160 1097 260 1151 La.
285 1099 512 1164 GaudeO,
551 1102 620 1153 ita
644 1119 727 1153 me
759 1099 811 1151 di
833 1109 1022 1165 ament,
1046 1098 1187 1168 gnati
1212 1100 1412 1161 caussat
1458 1117 1576 1151 nam

294 1170 362 1222 -de
385 1180 437 1238 te
461 1172 683 1240 quidem,
1173 1193 1176 1200 ’
1259 1172 1263 1174 “

159 1239 289 1293 Satis
315 1242 436 1306 scic,
457 1243 718 1325 peccando
742 1239 1031 1292 detrimenti
1055 1239 1128 1292 nil
1153 1239 1258 1291 fieri
1283 1250 1462 1310 potest.

158 1310 240 1365 So.
269 1310 376 1368 Qui
399 1330 511 1378 scis,
542 1331 608 1365 an
644 1317 704 1365 est
739 1315 926 1376 caussa,
953 1311 1025 1364 mi
1049 1311 1139 1376 vir,
1164 1329 1247 1363 me
1271 1313 1431 1364 odisse
1455 1310 1575 1364 assi-

272 1401 277 1405 ·
296 1385 578 1448 inu-laverit,

156 1451 229 1504 Ut
249 1453 370 1506 ‘cu‘m
394 1465 555 1506 matre
577 1457 679 1506 una
700 1456 813 1524 plus
837 1455 1000 1506 esset?
1059 1454 1159 1507 La.
1190 1453 1309 1524 quid
1336 1455 1441 1507 ais?
1471 1473 1572 1507 non

292 1525 428 1594 signi
452 1526 550 1577 hoc
573 1536 648 1577 sat
673 1537 763 1590 est,

153 1592 307 1650 Quod
338 1596 448 1648 heri
485 1615 636 1648 nemo
670 1597 827 1649 voluit
858 1596 1100 1650 visentem
1138 1605 1189 1648 te
1214 1596 1277 1648 ad
1301 1614 1413 1648 eam
1440 1597 1572 1648 intro

293 1667 556 1720 admittere
577 1669 594 1719 ?
1501 1674 1571 1719 40

154 1735 240 1791 So.
277 1737 437 1792 Enim
463 1741 649 1791 ‘lassam
676 1739 861 1809 oppido
884 1750 994 1792 tum
1017 1738 1247 1791 aiebant:
1285 1740 1347 1790 eb
1369 1739 1433 1791 ad
1457 1757 1570 1791 eam

294 1826 396 1861 non
420 1810 786 1862 admissasum.

149 1877 250 1931 La.
286 1879 437 1932 Tuos·
463 1898 567 1933 esse
610 1882 687 1932 illi
730 1900 892 1935 mores
929 1883 1165 1934 morbum
1203 1880 1364 1954 magis
1409 1881 1561 1951 quam

287 1952 443 2002 ullam
470 1952 620 2004 aliam
647 1970 752 2003 rem
777 1954 1017 2017 arbitror:
1252 1999 1254 2005 ,

145 2021 216 2074 Et
253 2021 433 2074 merito
468 2023 624 2077 adeo:
663 2041 782 2076 nam
817 2037 1088 2077 vostrarum
1131 2025 1273 2075 nulla
1311 2030 1400 2086 est,
1439 2021 1563 2092 quin

287 2103 499 2162 gnatum
523 2094 646 2146 velit

143 2163 345 2216 Ducere
387 2182 627 2228 uxorem-3
683 2175 734 2217 et
775 2185 889 2236 quae
929 2167 1068 2218 vobis
1109 2165 1294 2235 placita
1336 2164 1561 2216 conditio
1600 2219 1602 2221 ,

286 2245 364 2286 est
404 2236 547 2287 datur
567 2257 580 2289 :

145 2303 249 2356 Ubi
277 2273 462 2358 duriere
487 2307 707 2376 impulsu
725 2317 904 2373 vostre,
928 2315 1090 2360 vostro
1114 2307 1334 2381 impulsu
1359 2307 1559 2360 easdem

289 2379 514 2446 exigunt.
1453 2417 1457 2420 -
1485 2384 1553 2429 45

2103 165 2198 238 261

1638 332 1762 360 nonne
1788 335 1855 373 pro
1879 320 1936 359 his
1967 325 2121 372 meriffl,
2151 325 2206 366 in'.

1637 375 1737 425 genti
1762 376 1848 413 curs
1875 374 2020 414 studere
2038 378 2205 426 debuisti,

1638 439 1685 464 ne
1711 427 1787 464 ulla
1813 427 1981 465 molestia
1996 429 2089 467 mihi
2107 430 2210 470 exhi-

1638 478 1816 518 beretur?
1852 480 1913 518 So.
1933 478 2004 519 Per
2016 479 2204 522 Pollucem

1567 551 1570 554 -
1635 543 1710 569 non
1723 545 1807 570 meo
1817 533 1952 579 studio,
1966 547 2086 585 neque
2100 536 2207 588 culpa

1635 585 1778 622 accidit.
1844 586 1915 623 La.
1950 584 2031 624 lino
2048 589 2206 626 maxime

1633 649 1700 687 per
1729 646 1767 674 te
1795 638 1831 675 id
1849 637 1984 677 factum
2013 649 2080 677 est.
2117 639 2206 679 Sola

1633 688 1734 726 domi
1762 689 1878 736 fuisti,
1919 704 2002 741 quae
2028 692 2202 731 familiam

1633 753 1799 792 regeres:
1838 744 1878 780 in
1909 752 1947 780 te
1977 745 2054 783 sola
2083 747 2204 785 omnis

1634 794 1742 845 culpa
1785 796 1852 832 sita
1905 805 1973 842 est,
2027 796 2206 838 Sostrata.

1631 844 1858 897 Domesticae
1870 849 1919 884 rei
1934 861 2054 888 curam
2068 849 2203 890 habere

1632 899 1812 937 debuisti:
1843 901 1927 938 cum
1943 914 2013 952 ego
2031 917 2091 940 vos
2111 904 2204 942 libe-

1631 952 1703 989 ravi
1727 952 1807 990 aliis
1830 952 2136 1003 solicitudinibus,
2163 966 2203 996 et

1630 1002 1803 1042 alimenta
1844 1018 1932 1056 paro
1974 1020 2019 1044 cx
2059 1009 2204 1048 cultura

1629 1058 1718 1107 agri.
1759 1055 1899 1095 Nonne
1926 1059 2107 1098 erubescis
2131 1075 2202 1114 pu-

1629 1109 1730 1155 dore,
1758 1111 1968 1148 inimicitias
1985 1121 2023 1150 te
2041 1115 2206 1154 vetulam'

1630 1174 1715 1199 cum
1735 1162 1856 1214 puelia
1874 1177 2039 1202 exercere
2055 1166 2071 1202 Ρ
2101 1165 2200 1207 illius

1631 1215 1763 1252 merito
1788 1217 2023 1266 respondebis
2051 1218 2088 1255 id
2114 1232 2200 1257 eve-

1630 1268 1759 1305 nisse?
1813 1269 1876 1306 So.
1906 1267 1993 1306 Non
2012 1272 2099 1308 sane
2115 1267 2200 1311 dico

1629 1320 1736 1371 culpa
1775 1320 1912 1359 factum
1954 1323 2100 1373 puellae,
2144 1325 2199 1364 mi

1628 1370 1784 1411 Laches.
1835 1374 1901 1411 La.
1920 1373 2004 1412 Filii
2025 1378 2096 1414 mei
2113 1389 2199 1429 gra-

1625 1425 1678 1463 tia
1717 1426 1873 1477 gaudeo,
1918 1427 1974 1464 itav
2010 1427 2102 1466 mihi
2142 1431 2197 1470 dii

1623 1477 1784 1526 faveant,
1812 1480 1898 1516 cum
1925 1480 2038 1519 talem
2056 1480 2197 1523 habeat

1623 1544 1790 1578 uxorem,
1822 1545 1931 1582 quam
1958 1546 2027 1571 nec
2055 1535 2197 1575 inimici

1623 1596 1790 1622 accusare
1807 1585 1969 1636 possint:
1991 1599 2075 1624 nam
2095 1589 2196 1638 quod

1625 1637 1669 1674 ad
1705 1646 1742 1674 te
1774 1638 1922 1684 attinet,
1960 1642 2194 1688 quantumvis

1624 1702 1768 1740 pecces,
1797 1689 1892 1728 nihil
1907 1690 2030 1729 damni
2050 1693 2136 1731 inde
2153 1708 2193 1732 e-

1622 1751 1815 1780 venturum
1849 1745 1936 1781 satis
1977 1745 2078 1782 certo
2103 1747 2194 1786 scio.

1621 1795 1685 1833 So.
1714 1794 1817 1839 Quid
1836 1796 1864 1833 si
1883 1809 1943 1833 me
1962 1795 2111 1846 idcirco,
2139 1799 2192 1840 mi

1616 1849 1760 1895 marite,
1805 1849 1890 1886 odio
1921 1851 2087 1900 persequi
2114 1864 2192 1902 prae

1616 1913 1656 1938 se
1673 1901 1812 1948 tulerit,
1839 1909 1881 1938 ut
1899 1914 1982 1939 cum
1997 1913 2110 1941 matre
2126 1904 2192 1943 sua

1617 1953 1778 1993 crebrius
1796 1957 2093 1994 conversaretur?
2117 1957 2189 1996 La.‘

1618 2004 1722 2048 Quid
1759 2006 1878 2044 dicis?
1934 2020 2057 2046 nonne
2099 2009 2191 2049 satis

1615 2059 1752 2097 clarum
1770 2060 1944 2097 indicium
1962 2069 2033 2107 est,
2051 2074 2130 2099 eam
2152 2073 2189 2101 to

1614 2114 1696 2149 vere
1736 2125 1803 2150 nec
1845 2112 2015 2150 simulate
2051 2114 2186 2162 odisse,

1614 2165 1714 2213 quod
1732 2163 1904 2203 hesterna
1921 2164 1982 2203 die
2001 2166 2122 2204 nullus
2137 2181 2184 2206 ex

1615 2217 1754 2255 finnilia
1791 2217 1905 2255 voluit
1949 2229 1997 2265 te,
2046 2220 2183 2258 visendi

1614 2283 1694 2307 eam
1722 2271 1837 2322 gratia
1862 2270 2085 2318 venientem,
2128 2273 2188 2310 in·

1612 2324 1668 2360 tro
1694 2323 1843 2360 domum
1870 2324 2068 2376 excipere?
2120 2325 2184 2364 Soa

1612 2374 1720 2413 Certe
1735 2389 1807 2422 non
1823 2374 1979 2413 admissa
1993 2391 2085 2423 sum,
2096 2380 2184 2428 quia

1610 2437 1699 2466 tunc
1737 2441 1817 2466 eam
1855 2428 1999 2467 dicebat
2032 2431 2182 2482 aegritu-

1549 2504 1553 2507 ·
1609 2481 1693 2518 dine
1717 2482 1829 2518 animi
1855 2481 2106 2532 languentem,
2140 2493 2180 2522 et

121 2533 374 2586 ‘defatigatam
399 2549 488 2574 esse.
542 2537 612 2575 La.
640 2535 766 2588 Magis
793 2537 926 2588 opinor
949 2551 1028 2575 eam
1056 2543 1229 2588 aegrotam
1259 2548 1338 2574 esse
1363 2545 1512 2587 propter
1538 2547 1717 2572 morosam
1742 2545 1838 2571 tuam
1862 2536 2178 2596 consuetudinem,

140 2586 251 2636 quam
267 2597 411 2638 propter
424 2590 530 2627 aliam
545 2602 688 2628 causam
703 2606 715 2635 ;
744 2599 783 2627 et
800 2591 932 2627 merito
949 2589 1144 2627 admodum
1160 2603 1168 2625 ε
1198 2602 1283 2627 nam
1298 2589 1455 2626 vestrum
1470 2587 1571 2625 nulla
1585 2587 1719 2648 existit,
1739 2600 1821 2648 quae
1837 2599 1908 2623 non
1925 2598 2043 2638 cupiat
2061 2587 2176 2629 filium

140 2652 247 2676 suum
266 2652 413 2678 uxorem
432 2643 618 2693 accipere3
649 2651 686 2680 et
710 2655 793 2692 quoe
819 2643 920 2692 virgo
944 2642 1048 2679 vobis
1066 2641 1216 2692 probata
1232 2653 1301 2687 est,
1329 2653 1373 2679 ea
1391 2641 1429 2679 in
1447 2642 1719 2678 matrimonium
1739 2639 1813 2677 filio
1831 2638 1957 2679 datur:
1984 2648 2177 2690 postquam

132 2690 244 2734 *ducta
263 2703 319 2731 est
338 2690 486 2732 hortatu
506 2706 638 2743 vestro,
656 2704 775 2732 vestro
794 2692 943 2732 hortatu
959 2694 1116 2733 divortio
1135 2694 1288 2744 ejicitur.

528 2960 940 3070 ACTUs
1002 2919 1100 3027 Π.
1198 2960 1614 3028 SCENA
1687 2961 1779 3028 Π.

526 3166 929 3234 PHJIDIPPUS.
1001 3165 1306 3219 LACHES.
1380 3166 1770 3220 SOSTRATA.

131 3308 231 3361 Ph.
267 3306 392 3359 Ετεῑ
428 3309 550 3374 scie,
584 3310 899 3375 Philumena,
936 3329 1109 3363 meum
1139 3309 1221 3381 jus
1256 3327 1360 3362 esse
1402 3320 1459 3362 ut
1493 3322 1545 3362 te

271 3396 466 3446 cogam,

131 3450 263 3506 Quae
287 3467 381 3516 ego
405 3450 666 3518 imperem,
701 3452 864 3503 faeere
881 3471 899 3504 ἐ
940 3469 1033 3520 ego
1056 3461 1227 3503 tamen
1250 3450 1410 3520 patrio
1434 3449 1543 3525 ani-

270 3537 355 3570 mo
380 3519 554 3584 victus,
578 3522 763 3573 faciam
798 3554 805 3560 ι

124 3589 203 3643 -Ut
222 3589 314 3643 tibi
341 3591 633 3656 concedam,
671 3610 834 3662 neque
867 3602 967 3646 tuae
992 3591 1190 3646 libidini
1214 3591 1519 3645 advorsabor.

1649 3311 1718 3348 1²12.
1748 3308 1925 3352 Quamvis
1951 3311 2063 3350 sciam
2079 3324 2173 3366 ego,

1596 3361 1830 3407 Philumena,
1845 3362 1882 3399 in
1892 3363 1974 3400 mea
1982 3372 2164 3415 potestate

1597 3427 1689 3459 esse,
1700 3423 1737 3451 te
1745 3413 1962 3465 compellere
1972 3426 2015 3454 ea
2027 3415 2162 3465 fucere,

1595 3480 1679 3516 quae
1713 3466 1780 3503 tibi
1816 3467 2023 3518 praecipiam
2042 3483 2051 3506 τ
2092 3482 2164 3522 ego

1591 3528 1712 3556 tamen
1724 3519 1842 3569 patrio
1852 3517 1986 3559 affeetu
1996 3532 2160 3569 coactus,

1590 3583 1689 3607 nunc
1709 3571 1896 3620 imperabo
1912 3570 2021 3619 mihi,
2033 3582 2075 3611 ut
2090 3573 2159 3614 tibi

1590 3623 1785 3672 obsequar,
1801 3635 1922 3675 neque
1939 3631 2015 3663 tuae
2028 3626 2164 3666 ἰιῐιῐιιο-ι

1591 3674 1725 3715 deratae
1739 3675 1929 3729 cupiditati
1940 3676 2156 3717 reluctabor.
