2314 3944
130 152 232 199 188

121 301 192 342 pro
225 289 373 328 fidicina
411 289 617 341 absumptae
652 296 690 326 et

119 342 274 394 perditoe
299 343 393 380 sintt
433 356 517 392 quae
546 341 691 394 fidicina

120 394 301 447 abigenda
317 393 406 433 hinc
424 403 500 439 est3
529 402 592 431 aut
608 405 691 445 pre-

119 448 177 486 tio
205 448 365 492 vendita,
392 445 598 496 auttgratis
628 445 692 495 da-

121 508 174 539 ta.
240 500 317 538 Mi.
354 497 488 548 Neque
516 497 693 547 abjicien-

120 552 168 590 da
186 561 255 599 est,
273 564 392 601 neque
413 544 566 587 vendere
589 550 692 588 libet.

120 605 193 643 De.
220 604 324 646 Quid
339 604 383 641 ea
406 604 520 653 igitur
550 602 688 641 facies?

120 658 197 695 Mi.
239 655 354 694 Domi
398 655 550 693 sedebit.
620 655 692 693 Dess

120 707 221 748 Proh
247 709 397 747 deorum
416 708 547 745 fidem!
575 721 693 746 mere-

119 763 240 799 trixne
264 769 304 798 et
329 759 601 799 materfamilias
616 760 693 798 una

120 815 160 852 in
184 813 325 861 aedibus
350 813 425 851 tuis
453 813 694 853 morabuntur

118 862 228 918 estque
286 864 534 904 habitabunt?
616 866 692 905 Mi.

117 917 291 962 Quidni?
348 919 420 957 De.
454 917 559 956 Num
594 931 692 957 sante

118 964 254 1010 hemis
293 971 362 1010 es?
417 970 491 1009 Mi.
517 969 691 1009 Profecto

117 1037 181 1062 me
197 1022 308 1062 talem
323 1037 401 1061 esse
419 1036 566 1062 censeo.
618 1024 690 1062 De.

119 1075 178 1115 Ita
220 1075 316 1115 mihi
345 1077 395 1114 dii
423 1077 497 1115 sint
525 1077 691 1129 propitii,

118 1138 163 1168 ut
171 1130 250 1179 jam
274 1138 376 1168 tuam
394 1129 593 1167 amentiam
608 1143 692 1182 per-

116 1184 281 1234 spectam
309 1181 454 1223 habeor
481 1189 522 1220 te
552 1183 691 1234 quippe

117 1245 335 1273 conaturum
355 1235 477 1282 credo,
494 1243 540 1273 ut
555 1233 690 1273 habeas

115 1287 303 1340 psaltriam
338 1300 422 1325 eum
457 1288 530 1338 qua
562 1300 689 1326 vocem

119 1339 299 1378 cantando
313 1353 490 1378 exerceas.
521 1341 596 1379 Mi.
613 1339 690 1379 Cur

118 1393 223 1431 non?
279 1393 350 1431 De.
378 1391 430 1431 Et
458 1406 552 1431 nova
577 1393 688 1432 etiam

117 1455 236 1498 nupta
260 1445 387 1484 eadem
414 1446 555 1484 cantica
581 1446 688 1484 doce-

115 1498 250 1537 bitur?
330 1498 406 1536 Mi.
446 1496 598 1537 Scilicet
637 1499 690 1537 ita

115 1551 194 1590 fiet.
262 1551 332 1589 De.
375 1550 436 1589 Tu
462 1551 562 1589 ‘verb
591 1552 689 1589 inter

115 1617 177 1642 eas
204 1603 334 1642 funem
361 1604 487 1651 duem,
519 1612 558 1642 et
586 1602 687 1642 chori

113 1656 309 1709 praesultor
329 1657 416 1704 eris,
441 1665 479 1694 et
504 1657 688 1709 princeps.

113 1706 198 1748 fisi.¹
251 1707 261 1720 ⁸
290 1710 398 1762 regie.
462 1709 534 1747 De.
571 1709 688 1761 Egre-

111 1763 200 1815 gie?
305 1763 330 1800 ἱ.
355 1760 482 1800 Etiam
505 1771 547 1800 tu
563 1763 688 1801 nobis-

111 1819 201 1853 cum
217 1813 293 1853 uni).
310 1813 471 1861 saltabis,
495 1816 525 1851 si
543 1824 581 1852 te
599 1829 687 1853 usus

114 1867 239 1909 fuerit.
283 1867 354 1905 De.
371 1865 448 1905 Hei
466 1866 581 1905 mihi!
610 1881 686 1906 non

111 1929 151 1958 te
165 1917 298 1958 horum
311 1919 425 1971 pudet
433 1920 453 1958 ’3
480 1921 556 1958 Mi.
570 1918 685 1958 Nunc

111 1973 200 2011 verb
217 1973 322 2011 istam
343 1981 446 2011 tuam
463 1972 684 2012 iracundiam

113 2019 253 2076 abjice3
299 2033 408 2076 atque
438 2026 490 2063 ita
516 2034 560 2064 ut
593 2039 684 2064 con-

111 2078 229 2125 Qenit,
252 2076 428 2116 hilaritati
453 2087 490 2116 et
507 2078 684 2117 lubentioe

111 2131 263 2182 indulge
290 2131 329 2168 in
355 2131 412 2170 tui
437 2131 504 2169 filii
530 2132 685 2184 nuptiis.

109 2182 195 2236 Ego
212 2182 280 2221 hos
301 2183 409 2222 adibo
420 2201 429 2230 3
509 2193 588 2222 stea
609 2182 684 2223 huc

109 2245 281 2276 revertor.
346 2230 416 2274 De.
443 2198 683 2289 goJupiter!

110 2287 257 2328 hancne
275 2290 386 2327 vitam
407 2289 540 2328 ducere
558 2303 582 2328 o
609 2299 685 2329 ort-

111 2341 181 2380 et?
199 2339 316 2380 hosne
330 2354 408 2380 esse
421 2343 567 2381 mores?
615 2355 684 2381 ane

744 144 802 197 P.
838 135 1182 195 TEREN'm
1217 141 1563 198 ADELPHI.

744 284 843 336 Pro
861 283 1063 353 psaltria
1083 282 1275 353 periere
1298 303 1310 334 :
1351 302 1481 352 quae,
1505 293 1748 356 quantum
1770 296 1948 357 potest,
2037 311 2042 315 ·
2091 292 2160 339 25

743 354 932 424 Aliquo
954 353 1236 424 abjicienda
1257 362 1360 418 est3
1397 355 1439 405 si
1465 372 1567 406 non
1582 357 1757 424 pretio,
1780 358 1967 425 gratiis·

737 427 846 484 Mi.
881 426 1060 496 Neque
1084 435 1174 490 est,
1209 442 1372 493 neque
1397 425 1536 484 illam
1561 429 1678 479 sane
1687 430 1875 480 astudeo
1897 429 2127 481 vendere.

744 490 846 550 De.
882 497 1022 552 Quid
1040 497 1192 566 igitur
1214 495 1403 548 facies?
1479 497 1579 548 Mi.
1605 496 1742 548 domi
1765 499 1873 551 erit.
1944 500 2047 553 De.
2071 501 2162 570 pro

885 568 1055 620 divum
1081 567 1235 619 fidem
1257 566 1267 617 Ε

745 639 1006 704 Meretrix,
1031 647 1081 690 et
1104 637 1479 691 materfamilias
1502 639 1606 706 una
1628 637 1682 689 in
1707 638 1890 691 domo?

747 710 844 761 Mi.
882 709 985 761 Cur
1009 710 1139 762 non?
1215 707 1320 762 De.
1346 726 1591 760 sanumne
1610 719 1660 762 te
1681 710 1839 761 credis
1859 712 1994 762 esse?
2055 711 2131 763 M
2130 713 2162 762 i.

886 780 1120 851 equidem
1145 780 1373 832 arbitror.
1900 844 1905 853 χ
2093 788 2164 834 30

744 850 848 904 De.
884 852 963 903 Ita
999 870 1084 904 me
1120 853 1173 905 di
1208 859 1398 916 ament,
1432 859 1490 902 ut
1522 850 1669 904 video
1705 869 1803 921 ego
1837 861 1979 904 tuam
2014 853 2158 924 inep-

883 923 1040 975 tiam:
1468 969 1471 973 .
1504 971 1506 973 ,
1976 962 1979 966 .

743 993 1016 1047 Facturum
1037 994 1202 1057 cred0,
1221 1001 1277 1044 ut
1299 993 1481 1045 habeas
1506 995 1712 1062 quicum
1738 992 1967 1045 cantiteS.

745 1066 844 1118 Μ.
883 1062 988 1117 Cur
1024 1066 1163 1116 non?
1239 1063 1343 1117 De.
1381 1076 1432 1116 et
1471 1083 1600 1117 nova
1647 1074 1804 1134 nupta
1828 1064 2012 1117 >eadem
2037 1065 2162 1118 -haec

886 1136 1075 1188 discet?
1122 1135 1223 1189 Mi.
1249 1136 1459 1189 scilicet.

742 1206 843 1260 De.
880 1207 964 1258 Tu
1007 1207 1152 1270 inter--
1182 1224 1267 1260 eas
1310 1207 1481 1260 restim
1522 1206 1730 1258 ductans
1768 1206 1984 1259 saltabiS.
2055 1205 2161 1260 Mi.

882 1279 1057 1346 probe.
1126 1277 1230 1330 De.
1251 1279 1439 1346 probe?
1910 1338 1915 1347 ..

741 1347 845 1402 Mi.
883 1348 954 1401 Et
994 1360 1051 1401 tu
1091 1348 1352 1401 nobiscum
1395 1351 1514 1414 una,
1551 1349 1593 1401 si
1624 1367 1748 1418 opus
1787 1349 1867 1402 sit.
1937 1348 2040 1401 De.
2075 1349 2161 1400 hei

942 1420 952 1431 .
998 1420 1009 1432 .
1032 1420 1064 1459 '-
2016 1459 2017 1462 Ἴ

741 1490 861 1544 Non
883 1421 1070 1544 gelliiiec
1102 1491 1328 1563 pudent?
1402 1489 1508 1544 Mi.
1539 1491 1652 1561 jam
1676 1492 1794 1542 vero
1822 1491 2018 1556 omitte,
2052 1424 2161 1543 13385-

882 1580 1013 1627 mea,

739 1634 904 1686 Tuam
926 1634 1086 1686 istanc
1107 1633 1449 1698 iracundiam3
1487 1642 1635 1702 atque
1660 1633 1747 1697 ita,
1769 1634 1845 1684 uti
1868 1633 2030 1697 decet,
2067 1677 2073 1685 .
2107 1653 2114 1666 ἡ
2146 1677 2147 1680 ,

741 1704 974 1757 Hilarem
997 1723 1056 1756 ac
1080 1706 1339 1758 lubentem
1361 1707 1441 1758 fac
1465 1715 1514 1756 te
1535 1704 1675 1772 gnati
1699 1704 1754 1756 in
1778 1703 1981 1774 nuptiis,

740 1775 856 1845 Ego
878 1776 968 1858 hos
994 1776 1322 1884 conveniamz
1363 1777 1475 1847 post
1497 1777 1599 1828 huc
1623 1775 1792 1828 redeO.
1865 1775 1967 1829 De.
2004 1776 2036 1825 ὃ
2052 1773 2159 1826 <Ju-

916 1857 1009 1898 lter
1027 1889 1037 1897 .
1886 1870 1888 1872 -

739 1866 1235 2039 Hanciitine?vitam?
1282 1916 1489 1970 hoscine
1530 1917 1730 1968 mores?
1773 1916 1906 1985 hanc
1934 1916 2157 1968 ‘demen-

877 1988 1002 2040 tiam
2086 1992 2158 2040 40

737 2059 880 2112 Uxor
897 2059 1004 2111 sine
1029 2053 1145 2112 dote
1167 2058 1367 2118 veniet:
1404 2059 1535 2110 intus
1558 2058 1760 2128 psaltria
1783 2068 1857 2110 est
1875 2079 1890 2110 τ

734 2130 927 2183 Domu’
953 2138 1271 2200 sumptuosa:
1315 2131 1600 2182 adolescens
1625 2132 1748 2182 luxu
1771 2129 2023 2200 perditus:

737 2202 905 2254 Senex
929 2202 1174 2254 delirans:
1203 2201 1324 2271 ipsa,
1347 2201 1387 2252 si
1413 2201 1596 2268 cupiat,
1623 2201 1768 2252 Salus

737 2272 942 2326 Servare
966 2290 1161 2343 prorsus
1184 2272 1317 2324 hanc
1338 2272 1582 2324 familiam
1607 2290 1709 2324 non
1732 2282 1910 2342 potest.

112 2394 291 2433 insaniam
306 2394 323 2432 ?
353 2392 458 2433 Uxor
473 2395 638 2434 indotata
653 2396 804 2436 domum
821 2397 1043 2436 deducetur:
1064 2398 1236 2436 meretrix
1253 2390 1398 2435 fidicina
1413 2395 1553 2434 aedibus
1571 2406 1723 2448 excepta
1739 2406 1795 2435 est
1812 2412 1821 2435 :
1849 2395 1980 2435 domus
1997 2396 2154 2448 sumpti-

110 2446 182 2486 bus
208 2446 359 2485 diffluit:
387 2447 767 2488 adolescens'libidine
794 2459 833 2488 et
859 2451 948 2489 luxu
967 2450 1107 2488 fervens
1122 2466 1131 2488 z
1160 2464 1271 2488 senex
1299 2450 1431 2487 mentis
1457 2451 1563 2500 inops
1581 2457 1618 2486 et
1646 2451 1817 2488 insanus:
1846 2450 1938 2489 adeo
1965 2460 2007 2489 ut
2029 2450 2152 2502 ipsum

115 2497 252 2561 Salutis
264 2513 404 2540 numen
416 2509 637 2555 potestatem
654 2516 730 2542 non
747 2500 896 2551 habeat,
911 2505 1143 2556 quantumvis
1156 2511 1323 2550 conetur,
1338 2501 1434 2541 hanc
1447 2501 1623 2540 familiam
1637 2503 1814 2542 servandi.

913 2666 1355 2734 ‘ANNoTATmNEsf

170 2787 221 2821 :34
245 2780 383 2820 Restim
397 2781 578 2834 ductans]
635 2781 758 2822 Lusus
777 2792 834 2823 est
851 2792 973 2832 natus,
991 2795 1034 2825 ut
1051 2799 1109 2825 re·
1211 2792 1262 2824 43
1292 2785 1392 2837 Ipsa,
1410 2785 1443 2823 si
1460 2786 1598 2838 cupiat,
1615 2783 1760 2834 Salus]
1814 2782 2016 2822 colebatur
2041 2779 2149 2820 Satn·

117 2831 192 2873 fert
220 2832 407 2882 Donatus,
433 2835 480 2873 ab
507 2849 552 2874 eo
578 2835 684 2883 fune,
715 2850 790 2887 quo
819 2851 934 2888 equus
963 2838 1109 2891 ligneus
1160 2836 1291 2876 Romoe
1321 2850 1389 2890 pro
1413 2838 1502 2884 dea3
1532 2838 1635 2887 cujus
1662 2837 1758 2875 aedes
1775 2838 1799 2875 ὶ
1825 2835 1915 2875 Caio
1939 2833 2046 2874 ,Iulio
2072 2832 2150 2872 Bu-

119 2885 335 2925 Graecorum
354 2887 394 2925 in
414 2885 564 2937 Trojam
590 2888 820 2928 introductus
843 2898 911 2928 est.
965 2889 1011 2929 ln
1034 2890 1108 2930 hoc
1160 2890 1270 2929 bulco
1283 2889 1431 2928 consule
1451 2891 1490 2929 in
1508 2890 1606 2928 bello
1625 2889 1828 2930 Samnitico
1845 2897 1927 2928 vote
1942 2886 2030 2936 fuit,
2046 2895 2084 2926 et
2101 2885 2149 2926 ab

119 2938 209 2979 ludo
235 2937 404 2978 manibus
428 2938 556 2979 sunem
581 2942 792 2980 tenentibus
819 2943 946 2982 saltare
976 2944 1110 2982 solent.
1161 2942 1291 2985 eodem
1303 2943 1480 2983 dictatore
1497 2942 1670 2982 dedicata,
2146 2941 2150 2949 ’

119 2989 277 3031 Choreae
310 2989 484 3044 Princeps
518 3001 558 3031 et
596 2994 788 3046 praesultor
829 2995 958 3034 funem
992 2997 1110 3043 ducit,

121 3057 234 3095 quem
249 3043 325 3090 alii,
353 3045 482 3086 eodem
503 3044 591 3086 fune
610 3045 856 3100 apprehenso,
880 3057 1109 3102 praeeuntem

117 3105 340 3150 oequuntur.
