2340 3964
132 194 283 247 xxxiv

1029 181 1589 248 1³1mLssGoMENA
1648 215 1656 223 ·

524 339 821 388 Restituisset
839 338 984 387 etiam
1006 336 1059 384 in
1078 335 1294 402 Hecyrae
1315 335 1451 388 versu
1469 341 1684 398 verbum,
1706 349 1762 392 ut
1781 343 1844 391 sit
1872 345 2186 410 septenarius,

457 421 514 453 ac
539 422 626 471 par
649 404 821 467 priori:
859 403 944 458 sic,
1676 417 1679 420 ’

515 489 522 521 ρ
595 471 996 527 Tecumfemnttoe:
1038 467 1144 515 dixi
1156 486 1171 514 .-
1206 469 1273 515 ita
1292 470 1682 532 zitJubessaciann,
1697 485 1845 537 pater.

512 537 634 585 Non
658 534 806 581 debet
827 534 969 581 errati
993 533 1171 580 censeri
1196 533 1315 589 loco,
1338 533 1454 582 illud
1478 536 1529 583 in
1549 537 1732 587 Andri&
1750 556 1807 588 eo
1829 548 1995 590 versu:

593 601 662 648 Tu
677 616 773 646 rem
784 599 1046 663 impeditam
1063 610 1106 647 et
1120 601 1346 663 perditam
1361 603 1609 649 restituas?
1629 603 1723 651 Item
1738 610 1983 670 quofretus
2000 609 2096 658 sion.

522 668 581 714 In
605 681 698 730 quo
720 665 839 713 dicit
854 666 976 719 Jiem,
1009 675 1146 713 extra
1167 682 1356 714 versum
1388 667 1450 714 ab
1482 665 1576 713 alio
1598 667 1810 719 additum
1841 673 2016 736 potius,
2039 674 2183 738 quam

457 732 663 796 positum
687 729 719 778 ὰ
751 730 922 796 poeta:
961 729 1072 778 cum
1096 741 1256 779 tamen
1279 731 1446 780 mutila
1466 731 1527 779 sit
1546 732 1648 780 sinc
1670 750 1729 781 eo
1748 739 2008 787 sententiat
2046 751 2095 787 et
2118 741 2181 787 si-

456 798 609 846 bilum
626 797 737 845 elidi
760 797 976 845 videmus
997 797 1142 844 etiam
1162 797 1210 844 in
1229 798 1390 845 multis
1408 797 1538 846 locis.
1605 798 1684 846 Sic
1703 799 1925 851 audacter
1939 804 2081 852 nimis
2103 821 2186 853 au·

454 863 549 911 fert
565 864 782 920 verbum,
810 865 957 925 cupio,
981 879 1044 910 ex
1061 863 1143 910 illo
1160 863 1378 910 Eunuchi
1397 880 1410 912 :

591 931 736 993 Cupio
757 930 931 994 aliquos
942 943 1117 992 parare
1139 930 1310 976 amicos
1331 928 1536 989 beneficio
1556 946 1668 978 meo.

521 995 647 1043 cum
669 1004 831 1049 tamen
853 993 1149 1042 commodius
1172 995 1404 1042 eximeret
1433 1011 1600 1043 vocem
1632 1003 1925 1060 sequentem,
1957 998 2062 1048 sino
2089 1001 2187 1050 ullo

455 1061 684 1111 carminis
701 1061 1007 1116 detrimento,
1029 1061 1175 1109 etiam
1197 1059 1432 1108 sententia
1453 1061 1737 1109 rotundiore.
1788 1062 1882 1111 Sed
1899 1071 1980 1112 aut
2001 1066 2188 1130 sitpro·

458 1127 819 1175 celeusmaticus
838 1126 1018 1192 primus
1041 1142 1138 1189 pes,
1173 1134 1223 1174 et
1256 1126 1376 1174 alter
1409 1126 1786 1191 amphimacrus3
1824 1138 1907 1177 aut
1925 1145 2190 1194 pronomen

454 1193 787 1257 possessivum,
823 1192 952 1257 quod
972 1196 1211 1256 postremo
1234 1191 1283 1239 in
1307 1193 1413 1240 loco
1436 1202 1532 1248 est,
1547 1191 1823 1242 demittatur
1844 1194 1895 1243 in
1912 1211 2101 1245 remum
2118 1197 2189 1246 al·

456 1269 610 1307 terum
635 1259 1024 1323 subsequentem,
1039 1258 1121 1322 qui
1143 1257 1452 1306 nihilominus
1474 1259 1542 1307 sit·
1555 1259 1792 1309 senarius:
1828 1260 1915 1317 sic,

520 1324 663 1372 Meo.-
699 1325 753 1372 id
776 1322 941 1372 amabd
963 1325 1129 1386 adjuta
1148 1339 1228 1380 me,
1254 1325 1341 1388 qud
1359 1324 1734 1385 idfiatfacilivh.

464 1408 467 1409 ⁷
519 1389 665 1447 Nam,
675 1389 887 1448 facilizls,
909 1389 1078 1438 eodem
1097 1389 1241 1437 modo
1258 1389 1560 1454 trisyllabum
1579 1400 1665 1448 est,
1684 1406 1795 1455 quo,
1803 1392 1974 1455 pocius,
1990 1391 2194 1466 bisylla·

459 1457 592 1505 bum.
658 1456 821 1520 Eligat
843 1465 1003 1504 autem
1038 1455 1204 1510 lector,
1227 1455 1352 1519 quod
1375 1457 1531 1521 maglis
1558 1457 1648 1504 erit
1669 1472 1733 1504 ex
1753 1458 1900 1506 animi
1924 1459 2160 1508 sententia
2174 1475 2190 1508 ι

458 1522 843 1588 quandoquidem
865 1522 1012 1571 etiam
1032 1520 1166 1584 apud,
1186 1521 1475 1577 Lucretium,
1498 1523 1631 1570 aliud
1661 1522 1729 1569 ita
1750 1523 2044 1588 bissyllabum
2065 1518 2194 1572 acci-

365 1644 379 1653 x
457 1590 603 1653 pitur,
628 1597 684 1635 ut
706 1587 861 1635 cauda
881 1586 1068 1651 dactyli
1089 1587 1166 1633 sit.
1233 1587 1445 1651 Iniquior
1478 1585 1571 1634 suit
1603 1587 1672 1635 illi
1697 1588 1848 1636 versui
1881 1605 1945 1637 ex
1980 1588 2196 1654 Hecyra,

458 1671 523 1702 ex
546 1670 660 1718 quo,
683 1654 805 1709 duni,
828 1653 1112 1718 particulam
1134 1652 1427 1716 expletivam
1449 1653 1632 1702 exemit
1647 1670 1663 1703 z
1697 1653 1780 1715 qui
1803 1662 1966 1713 tamen
1989 1671 2101 1703 curn
2123 1672 2197 1704 sc·-

461 1720 729 1786 quentibus,
755 1736 959 1784 cumque
984 1719 1370 1783 praecedentibus
1392 1719 1666 1768 octonarius
1688 1719 1778 1767 sit:

590 1785 740 1833 Mane
761 1786 865 1833 dum
884 1785 1024 1839 sodo-8,
1050 1788 1201 1837 timeo,
1224 1801 1285 1832 ne·
1300 1785 1432 1832 aliud
1451 1784 1660 1840 wedam,
1676 1796 1816 1848 atque
1829 1786 1964 1834 aliud
1981 1788 2176 1836 κατεῖσε.

526 1851 724 1900 Hoc'ibi
748 1853 859 1899 cum
879 1851 1060 1905 adimit,
1086 1851 1153 1897 ita
1169 1849 1284 1899 alibi
1306 1849 1449 1915 aeque·
1467 1848 1741 1918 importune
1760 1850 1893 1899 addit
1912 1851 1975 1900 de
1990 1868 2108 1902 suo:
2143 1859 2197 1901 ut

460 1917 518 1966 ad
543 1934 655 1966 eum
678 1932 865 1966 versum
889 1933 952 1964 ex
974 1916 1210 1964 Eunucho
1229 1932 1244 1965 ι

590 1985 688 2030 Par
699 1984 813 2046 pari
835 1986 1015 2041 referto,
1037 1982 1160 2046 quod
1180 1997 1279 2028 eam
1301 1982 1519 2031 mordeat.

525 2046 681 2096 Modo
704 2047 835 2095 addit
851 2045 1144 2102 nuuc,1nodo
1166 2063 1284 2102 mox,
1301 2045 1446 2095 modo
1464 2047 1547 2102 sic,
1562 2043 1708 2094 modo
1733 2047 1892 2096 nescio
1914 2046 2044 2113 quid.
2089 2049 2198 2115 Ego

457 2111 575 2164 vero
597 2114 717 2161 nihil
743 2112 1096 2163 immutandum
1119 2129 1292 2160 censeo
1315 2112 1377 2160 de
1398 2113 1598 2174 consilio
1620 2115 1779 2174 poetae
1801 2134 1813 2161 :
1850 2115 1935 2177 qui
1956 2115 2195 2179 integrum

457 2179 781 2245 proverbium,
797 2180 919 2227 sicut
932 2177 1374 2234 circumferebatur,
1392 2180 1459 2226 ita
1475 2179 1747 2226 interseruit
1758 2180 1999 2230 trochaico
2011 2189 2166 2228 tractu
2182 2182 2206 2227 ε’

459 2262 610 2313 quare
632 2245 859 2294 audacius
883 2246 1042 2299 etiam,
1066 2245 1330 2299 remordeat,
1370 2245 1666 2308 suppositum
1699 2254 1784 2293 est.
1855 2245 1983 2295 Nam
2006 2247 2048 2293 εἰ
2086 2244 2199 2310 quid

439 2311 622 2369 addas,
647 2329 807 2360 versus
830 2327 928 2359 non
953 2318 1165 2358 constet:
1201 2310 1240 2358 si
1264 2310 1383 2358 nihil
1417 2311 1576 2365 addas,
1613 2309 1672 2356 ad
1695 2310 2078 2360 concinnandum
2098 2319 2198 2360 tro·-

457 2378 687 2427 chaicum
720 2378 840 2426 nihil
863 2386 936 2424 est
957 2392 1090 2440 opus.
1157 2377 1220 2423 Et
1243 2392 1339 2424 non
1362 2377 1516 2423 solum
1541 2377 1632 2423 hoc
1656 2377 1879 2440 exemplo
1902 2378 1952 2424 in
1976 2378 2199 2426 omnibus

459 2444 638 2509 legitur
655 2444 1043 2507 exemplaribus:
1071 2440 1153 2488 sed
1174 2442 1319 2489 etiam
1337 2441 1508 2490 eadem
1530 2441 1624 2489 fide
1650 2438 1900 2491 recitatum
1921 2442 1951 2490 a
1969 2443 2198 2491 Cicerone

459 2511 517 2558 in
529 2509 733 2574 epistola
750 2509 810 2558 ad
835 2508 1104 2557 Lentulum.
1136 2507 1319 2557 Verum
1340 2507 1562 2573 apposuit
1579 2508 1688 2571 pari
1706 2506 1908 2556 audacia
1921 2508 2197 2562 adverbium

461 2593 579 2624 nunc
601 2576 646 2624 ei
671 2575 854 2624 versui:

591 2641 703 2705 Alio
716 2653 857 2707 pacto
881 2639 1052 2688 honeste
1074 2655 1160 2705 quo
1182 2639 1314 2687 modo
1338 2640 1444 2687 hinc
1464 2637 1636 2695 abeam,
1656 2640 1823 2688 nescio.

462 2704 463 2709 ’
526 2706 710 2772 Neque
735 2709 864 2756 enim
887 2707 1066 2755 vocalis
1089 2705 1296 2762 eliditur,
1319 2705 1398 2754 sed
1426 2714 1606 2769 perstat
1637 2705 1786 2770 longa
1816 2712 1930 2754 ante
1949 2704 2199 2770 aspiratio·

459 2787 572 2821 nem
597 2774 810 2823 adverbii
832 2775 966 2822 hinc.-
1001 2781 1050 2820 et
1073 2771 1339 2819 trochaicus
1363 2771 1570 2819 decurrit
1586 2771 1855 2819 octonarius
1878 2771 2198 2819 catalecticum.

462 2835 596 2885 Sicut
629 2840 681 2886 in
719 2840 871 2888 verbo
894 2837 1232 2904 monosyllabo
1254 2838 1388 2886 nulla
1410 2838 1525 2885 item
1548 2836 1730 2886 collisio
1752 2837 1825 2894 fit,
1861 2852 2020 2900 neque
2042 2835 2094 2883 in
2115 2835 2199 2884 ad-

460 2904 625 2951 verbio
649 2922 706 2953 eo
727 2920 895 2953 versu:

598 2969 693 3018 Ora
714 2988 782 3019 me
797 2992 812 3018 .·
847 2969 1024 3019 obsecro
1047 2980 1089 3017 te
1108 2971 1212 3019 verd
1235 2969 1478 3018 Pleoedrz‘a:
1514 2969 1534 3014 i
1553 2967 1671 3016 intrd
1689 2985 1704 3013 .-
1739 2967 1826 3023 hez‘,
1851 2966 1936 3014 liei.

463 3099 498 3148 b
530 3033 757 3147 ¹Corrupit
777 3038 923 3084 etiam
945 3036 1239 3102 syllabarum
1262 3035 1547 3100 quantitates
1567 3049 1580 3082 ε
1615 3042 1670 3081 ut
1703 3034 1752 3081 in
1785 3033 1868 3080 illo
1890 3031 2104 3103 ejusdem
2129 3031 2201 3082 fa-

501 3115 529 3148 u
550 3116 594 3149 ae
608 3116 625 3147 v:

597 3165 680 3214 Sic
699 3175 778 3221 est,
803 3168 1027 3215 inveniam
1048 3166 1184 3215 hodie
1197 3181 1359 3231 parem
1379 3165 1458 3214 ubi
1474 3165 1559 3230 pol
1576 3167 1766 3224 referam
1783 3165 2000 3228 gratiam.

528 3232 689 3280 Ausus
707 3243 780 3279 est
803 3232 963 3282 dicere
987 3230 1281 3288 adverbium,
1300 3233 1448 3288 hodie,
1474 3230 1679 3295 primam
1702 3231 1994 3296 producere:
2030 3231 2200 3297 quoni·

464 3314 559 3355 am,
590 3298 756 3363 inquit,
782 3296 906 3345 idem
939 3299 1078 3346 sitae
1101 3299 1140 3346 si
1171 3298 1301 3346 dicas
1338 3299 1430 3346 hoc
1452 3296 1544 3345 die.
1610 3295 1822 3360 At‚quod
1858 3313 2089 3360 nusquam
2111 3306 2198 3354 est,

464 3373 643 3411 narrat.
710 3363 839 3412 Nam
863 3363 975 3411 cum
998 3374 1086 3420 est,
1126 3364 1219 3412 hoc
1246 3364 1342 3420 die,
1374 3372 1566 3428 propter
1598 3362 1878 3427 positionem
1909 3361 2200 3427 producitur.

464 3428 595 3477 Nam
617 3427 788 3493 suapte
811 3429 983 3477 natura
1007 3431 1151 3478 breve
1175 3444 1437 3493 pronomen
1469 3436 1570 3476 est:
1607 3429 1729 3476 sicut
1752 3429 1854 3493 ejus
1870 3442 2081 3493 compar,
2103 3427 2194 3477 hic,

465 3496 695 3544 Graecum
719 3495 847 3542 enim
868 3504 952 3551 est,
968 3489 1016 3545 ὅ.
1085 3495 1248 3545 Quare
1269 3494 1388 3545 illud
1404 3493 1721 3561 virgilianum
1742 3512 1755 3542 τ

595 3561 704 3608 Hoc
724 3572 818 3610 erat
842 3562 965 3612 alma
978 3575 1158 3628 parens.
