2314 3944
1124 173 1191 236 77

522 318 589 386 A
612 314 667 384 C
686 314 745 383 T
767 314 840 383 U
870 315 914 383 S
965 313 1101 382 III.

998 446 1339 499 ANTIPHO.

150 537 304 594 Hem
325 538 511 607 aliquot
535 539 888 590 adolescentuli
913 539 1123 590 coiimus
1150 539 1201 589 in
1226 537 1409 602 Piraeo,

64 598 71 617 '
145 610 208 661 In
234 611 368 660 hunc
392 609 526 660 diem
550 619 606 660 ut
629 609 689 659 de
722 610 954 677 symbolis
992 626 1223 660 essemuS.
1265 667 1267 670 .
1295 609 1554 675 Chaeream

290 698 338 730 e1
362 697 431 730 rei

150 748 472 802 Prae'fecimus
494 768 505 802 :
548 749 648 800 dati
673 749 877 803 annuli:
916 751 1069 813 locus,
1094 759 1291 818 tempus
1315 748 1556 798 constitu-

290 831 401 871 tum
427 830 514 870 est.

149 885 394 942 Praeteriit
427 899 653 958 tempus:
691 908 788 959 quo
821 889 873 940 in
906 891 1019 940 loco
1052 889 1244 940 dictum
1278 899 1367 953 est,
1400 889 1557 958 parati

281 957 422 1012 *nihil
446 971 534 1011 est.
1523 970 1558 1013 4

153 1030 327 1081 Homo
350 1032 453 1099 ipse
486 1048 728 1098 nusquam
765 1039 838 1080 est
850 1028 870 1081 ἐ
907 1028 1205 1100 nequeseio
1230 1030 1351 1098 quid
1376 1031 1558 1094 dicam,

291 1111 376 1152 aut
401 1101 519 1170 quid
543 1099 833 1168 conjectem.
1402 1102 1524 1169 [ram
1544 1122 1556 1153 :

152 1171 306 1222 Nunc
327 1171 450 1223 mihi
470 1171 564 1220 boc
590 1174 758 1238 negoti
777 1170 945 1220 caeteri
963 1170 1157 1232 dedere,
1182 1179 1238 1220 ut
1258 1170 1560 1239 illum-quae-

150 1241 310 1310 quue
346 1240 470 1292 adeo
502 1240 672 1303 visam,
697 1242 738 1291 si
770 1241 907 1291 domi
947 1250 1035 1292 est.
1108 1240 1353 1296 Quisnam
1377 1242 1496 1293 hinc
1533 1243 1562 1292 a

291 1311 484 1363 Tha‘i'de
507 1310 643 1371 exit?

153 1381 200 1432 Is
238 1375 329 1446 est,
358 1399 422 1432 an
456 1397 557 1431 non
589 1381 693 1431 est?
733 1379 865 1448 ipsus
902 1390 990 1433 est.
1027 1381 1147 1450 quid
1183 1382 1280 1434 hoc
1306 1382 1556 1433 hominis?

291 1452 379 1520 qui
403 1452 487 1502 hic
510 1459 708 1501 ornatus
733 1453 837 1502 est?
1272 1451 1557 1520 [conjicere.

151 1522 291 1577 Quid
326 1523 451 1574 illud
484 1522 605 1572 mali
639 1522 744 1572 est?
799 1539 993 1590 nequeo
1029 1522 1144 1574 satis
1179 1522 1364 1586 mirari,
1399 1540 1560 1591 neque

149 1592 263 1644 Nisi
287 1591 528 1663 quidquid
551 1602 638 1656 est,
664 1594 838 1661 procul
871 1593 990 1645 hinc
1014 1593 1138 1662 libet
1161 1593 1304 1663 priu',
1336 1594 1455 1663 quid
1480 1593 1560 1657 sit,

251 1663 255 1666 ’
291 1662 546 1715 sciscitari.
1498 1670 1561 1715 10

1202 312 1875 401 SCENAIVJ

1659 536 1843 576 Hesterna
1859 536 1917 575 die
1933 537 2072 589 aliquot
2089 538 2178 577 ado·

1607 589 1800 627 lescentuli
1827 591 1867 627 in
1894 587 2011 628 Piraeo
2042 605 2187 629 conve-⁷

1608 643 1741 688 nimus,
1759 643 1799 679 in
1826 642 1927 680 hunc
1954 641 2173 692 hodiernum

1608 695 1706 732 diem
1730 703 1772 731 ut
1797 707 2022 733 coenaremus
2048 695 2094 732 de
2112 696 2180 733 sti-

1608 746 1715 796 pibus
1734 745 1873 784 collatis
1892 746 1937 783 ab
1955 760 2178 798 unoquoque

1609 799 1836 836 convivarum
1850 813 1859 835 t
1886 797 2074 837 Chaeream
2088 798 2175 836 huic

1610 850 1729 888 officio
1745 852 2030 901 praeposuimus:
2049 852 2178 904 annuli

1609 903 1682 939 dati
1701 915 1767 952 pro
1793 901 1915 940 arrha:
1945 904 2060 948 loeus,
2082 912 2178 941 tem-

1610 967 1677 1004 pus
1695 955 1885 992 definitum
1905 964 1972 992 est.
2017 955 2179 993 Transiit

1610 1011 1776 1057 ternpus:
1814 1005 1907 1044 nihil
1934 1017 2178 1058 praeparatum

1611 1060 1802 1109 reperitur.
1837 1057 1988 1096 Chaerea
2000 1061 2077 1110 ipse
2091 1073 2180 1098 nus-

1612 1123 1720 1159 quam
1738 1121 1908 1162 apparet:
1937 1113 2062 1149 nescio
2090 1112 2180 1163 quid

1612 1163 1762 1199 debeam
1777 1163 1910 1209 dicere,
1929 1173 1993 1202 aut
2007 1166 2182 1216 cogitare.

1612 1213 1726 1251 Nunc
1743 1213 1835 1252 mihi
1859 1215 1881 1252 a
1898 1217 2035 1254 caeteris
2052 1216 2183 1255 sodali-
2246 1251 2251 1255 .

1611 1266 1695 1312 bus,
1713 1265 1784 1304 hoc
1809 1268 2020 1306 mandatum
2038 1277 2109 1315 est,
2135 1278 2180 1307 ut

1613 1318 1717 1356 illum
1736 1331 1916 1369 quaeram:
1945 1321 2107 1372 adeoque
2127 1323 2182 1362 vi-

1612 1384 1691 1408 sum
1706 1371 1782 1416 ibo,
1797 1372 1827 1408 si
1838 1371 1936 1419 domi
1950 1381 2021 1422 rest.
2065 1371 2181 1416 Quis-

1611 1436 1696 1461 nam
1723 1437 1769 1460 ex
1798 1423 1936 1474 aedibus
1961 1423 2113 1464 Thaidis
2139 1439 2180 1463 e-

1611 1475 1802 1525 greditur?
1831 1473 1917 1512 Isne
1939 1477 2017 1528 ipse
2044 1487 2116 1524 est,
2134 1491 2182 1516 an

1611 1527 1730 1565 alius?
1773 1526 1810 1565 Is
1841 1529 1918 1578 ipse
1948 1539 2016 1575 est.
2069 1529 2184 1572 Quae-

1614 1593 1699 1617 nam
1717 1578 1796 1617 haec
1824 1580 1962 1632 speeies
1990 1591 2045 1620 est
2062 1581 2184 1620 homi-

1613 1633 1695 1669 nis?
1751 1630 1848 1675 Quis
1895 1631 1958 1670 hic
1999 1633 2180 1679 habitus?
2219 1659 2221 1661 ·

1614 1683 1717 1726 Quid
1744 1684 1795 1722 illi
1825 1684 1911 1722 mali
1938 1695 2061 1737 potest
2089 1688 2185 1725 aeci-

1617 1737 1742 1774 disse?
1772 1734 1906 1787 Neque
1931 1739 2017 1776 satis
2048 1740 2186 1785 mirari,

154 1800 273 1838 neque
290 1786 482 1837 conjicere,
502 1786 590 1838 quid
611 1785 683 1825 hoc
706 1787 758 1824 rei
776 1770 844 1824 sit:
877 1787 1136 1839 sed‚quidquid
1159 1796 1229 1835 est,
1248 1787 1356 1840 longe
1376 1786 1464 1827 hinc
1485 1788 1507 1827 ὃ,
1525 1788 1675 1841 publica
1694 1789 1764 1837 via,
1786 1789 1877 1828 illud
1893 1788 1986 1828 clam
1999 1791 2082 1830 volo
2099 1804 2187 1845 cog-

154 1853 314 1878 noscere·
1251 1898 1253 1901 ι
1472 1887 1475 1889 ‚

876 1907 882 1937 ³
931 1973 933 1975 .
952 1917 1388 1980 ANNOTATIONES.
1431 1914 1434 1916 ’

206 2035 229 2067 3
260 2028 353 2067 Daci
365 2026 520 2077 annuli]
558 2024 769 2063 Nobiliores
785 2025 939 2064 annulos
958 2040 1084 2073 aureos
1103 2027 1142 2065 in

1250 2036 1272 2066 8
1301 2028 1401 2067 Quid
1438 2028 1502 2067 hoc
1543 2031 1698 2069 hominis
1709 2031 1748 2081 ?]
1823 2031 1919 2071 Haee
1953 2042 2039 2074 sunt
2078 2035 2184 2076 verba

152 2082 308 2120 sinistrae
325 2082 453 2129 manus
469 2080 584 2130 digito
605 2078 807 2129 penultimo
833 2079 1028 2130 gestabant
1042 2097 1051 2125 ;
1080 2093 1143 2117 eos
1195 2079 1363 2118 habitum
1379 2090 1414 2118 et
1428 2081 1580 2120 formam
1594 2083 1755 2123 eunuchi
1773 2086 1938 2124 mirantis
1955 2088 1994 2125 in
2007 2086 2187 2138 (ΜΗ-θὲς

155 2135 364 2185 impignora
378 2132 680 2170 commiss-ationis
701 2131 836 2168 dabant
853 2146 860 2168 :
891 2140 932 2168 ut
950 2132 1074 2169 adesse
1099 2124 1144 2170 'ad

155 2186 252 2223 diem
270 2186 510 2223 constitutum
524 2183 694 2228 convivii,
706 2184 804 2234 quod
815 2185 1002 2222 communi
1018 2197 1144 2236 sump-
1197 2185 1354 2223 arbitris.

139 2247 198 2275 -tu
215 2237 458 2285 celebrabant,
471 2243 699 2287 cogerentur.

798 2482 1128 2538 CHAEREA.
1202 2486 1545 2541 ANT-IPHO.

163 2577 256 2629 Ch.
289 2576 429 2628 NUM
454 2574 565 2646 quis
589 2576 674 2626 hic
701 2576 809 2627 est?
849 2594 999 2629 nemo
1023 2587 1111 2629 est.
1146 2596 1268 2630 num
1304 2579 1413 2648 quis
1449 2580 1569 2631 hinc

303 2665 384 2699 me
407 2645 660 2716 sequitur?
700 2663 850 2696 nemo
869 2647 1022 2699 homo
1046 2658 1133 2699 est.
1386 2714 1388 2717 v
1503 2658 1506 2659 ’

160 2716 347 2770 Jamne
389 2733 646 2785 erumpere
686 2717 783 2768 hoe
825 2717 945 2770 licet
985 2717 1113 2770 mihi
1151 2718 1425 2787 gaudium?
1481 2723 1571 2790 pro

266 2784 270 2787 ’
302 2787 533 2857 Jupiter!
757 2843 771 2851 r
1330 2788 1336 2794 “

161 2859 314 2919 Nune
336 2859 525 2927 tempu’
549 2860 767 2925 profecto
792 2866 879 2923 est,
900 2860 1016 2911 cum
1047 2859 1239 2929 perpeti
1263 2878 1344 2911 me
1367 2879 1570 2930 possum

306 2929 536 2992 interfici,
875 2935 877 2942 '
898 2973 902 2975 .
1433 2933 1568 3002 [qua.

163 2999 245 3052 Ne
268 3000 366 3051 hoc
399 3000 636 3068 gaudium
675 2999 981 3052 contaminet
1017 3000 1115 3052 vita
1150 3001 1442 3069 aegritudine
1478 3004 1570 3054 ali-

164 3070 265 3122 Sed
289 3070 611 3122 neminemne
636 3071 890 3122 curiosum
914 3070 1210 3123 intervenire
1231 3090 1365 3124 nunc
1389 3073 1532 3138 mihi,

154 3140 269 3196 *Qui
301 3159 384 3192 me
413 3144 660 3208 sequatur,
683 3141 884 3211 quoquo
919 3158 1049 3208 eam,
1088 3142 1347 3212 rogitando
1385 3145 1568 3196 obtun-

306 3211 405 3274 dat,
429 3221 620 3274 enecet,
1498 3280 1500 3282 .
1535 3220 1568 3265 6

164 3279 304 3336 Quid
344 3280 570 3348 gestiam,
602 3291 690 3333 aut
725 3282 847 3351 quid
880 3283 1034 3333 laetus-
1063 3282 1177 3349 sim,
1213 3284 1312 3353 quo
1347 3302 1569 3354 pergam,

307 3351 439 3402 unde
463 3354 736 3419 emergam;
754 3353 841 3403 ubi
866 3352 990 3404 siem
1039 3361 1045 3366 ⁴
1236 3406 1240 3409 .

110 3467 122 3486 „
164 3419 413 3473 Vestitum
449 3419 583 3471 hunc
620 3431 809 3486 nactus,
844 3423 966 3492 quid
997 3423 1124 3477 mihi
1157 3442 1396 3494 quaeram,
1426 3442 1570 3476 sanus

306 3490 416 3556 sim,
438 3507 576 3555 anne·
588 3490 829 3544 insaniam
845 3492 863 3543 ?

979 3676 982 3677 ⁷
1011 3623 1357 3664 ANNo‘rAno„

1252 2141 1299 2171 10
1326 2134 1461 2172 Procul
1490 2135 1602 2186 hina]
1676 2136 1713 2174 A
1745 2137 1890 2189 publicai⁴
1924 2140 1997 2188 via,
2036 2143 2185 2180 sunaus

559 2328 1772 2423 ACTUSIH280ENAV.

1677 2582 1746 2622 Ch.
1764 2583 1860 2628 Quis
1875 2583 1939 2624 hic
1955 2586 2036 2625 est?
2066 2584 2190 2627 Nem·

1622 2643 1690 2672 est.
1743 2634 1847 2674 Num
1872 2651 1917 2676 ex
1940 2637 2050 2677 domo
2075 2638 2191 2679 Thar-

1622 2687 1678 2725 dis
1695 2687 1825 2738 aliquis
1853 2692 1956 2738 exiit,
1983 2692 2029 2729 ad
2053 2705 2114 2730 me
2128 2707 2190 2731 se-

1622 2741 1832 2790 quendum?
1861 2741 1985 2781 Nemo
1997 2745 2192 2795 quisquam

1623 2800 1691 2830 est,
1743 2791 1878 2832 Jamne
1895 2804 2077 2846 retentum
2094 2798 2132 2835 in
2150 2811 2190 2835 a·

1624 2844 1724 2882 nimo
1741 2846 1928 2897 gaudium,
1945 2849 2042 2898 quod
2055 2851 2189 2896 sentio,

1625 2895 1716 2934 mihi
1733 2898 1893 2950 proferre
1910 2900 2027 2939 licet?
2066 2900 2102 2940 0
2118 2899 2145 2940 J
2149 2915 2190 2940 u-

1622 2949 1738 3000 piter!
1758 2963 1856 2988 nunc
1868 2961 1941 2990 tem
1970 2965 2011 2990 us
2019 2962 2089 3000 est,
2102 2955 2187 2992 cum

1622 3000 1714 3038 mihi
1733 3013 1887 3041 mortem
1906 3005 1941 3042 in
1959 3005 2027 3042 erri
2038 3007 2190 3057 permit-

1622 3062 1701 3091 tere
1717 3055 1867 3105 possim,
1882 3069 1928 3094 ne
1942 3064 2086 3095 tantum
2097 3071 2206 3109 gau--⁴

1621 3104 1721 3157 dium
1733 3107 1806 3144 vita
1821 3107 1965 3160 longior
1982 3119 2190 3161 corrumpat

1619 3157 1744 3196 dolore
1756 3159 1801 3196 ali
1833 3173 1891 3198 uo.
1919 3159 1993 3199 Sed
2005 3173 2086 3199 vere
2097 3175 2187 3200 orne

1621 3210 1747 3248 obvius
1766 3173 1856 3249 milii
1871 3213 1931 3250 flat
1945 3213 2105 3256 curiosus
2123 3214 2190 3253 afi-

1621 3263 1717 3312 quis,
1732 3264 1794 3314 qui
1821 3265 1982 3315 quaesitis
2009 3265 2190 3307 obtundat

1621 3313 1714 3365 mihi
1753 3329 1854 3353 aures
1868 3333 1878 3361 ς
1922 3330 1986 3357 cur
2015 3317 2187 3368 gestiam,

1621 3366 1710 3415 quid
1726 3366 1831 3406 laetus
1847 3369 1929 3415 sim,
1955 3370 2028 3420 quo
2047 3370 2187 3418 vadam,
2221 3385 2225 3388 ’

1622 3419 1718 3456 unde
1749 3421 1923 3466 effrediar,
1958 3420 2054 3460 uude
2091 3422 2185 3463 mihi

1620 3478 1755 3507 vestem
1770 3450 1874 3510 'lianc
1892 3477 2187 3525 comparaverim,

1622 3523 1711 3572 quid
1727 3522 1818 3561 mihi
1834 3538 2008 3575 quaeram,
2031 3540 2188 3568 sanusne

1621 3583 1747 3612 mente
1762 3577 1846 3625 sim,
1860 3587 1909 3617 an
1925 3579 2104 3621 insaniam
2115 3581 2135 3620 i*

512 3699 546 3746 Ἠ
575 3705 674 3747 Quid
683 3707 775 3748 mihi
792 3721 956 3761 quaeram
964 3707 1002 3760 J]
1033 3704 1312 3763 superabunda
1327 3694 1416 3750 il'lud
1432 3710 1538 3758 mihi,
1552 3707 1674 3765 phrasi
1686 3709 1826 3752 Attica,
