2352 3952
146 170 252 208 xxx

1072 156 1626 215 PROLEGOMENA

489 302 554 351 do
573 301 808 351 insaniam
825 299 1077 354 simulavit,
1109 317 1201 364 quo
1225 309 1437 365 tempore
1461 312 1637 353 tectum
1661 322 1710 354 se
1732 321 1834 355 esse
1856 306 2017 364 voluit,
2042 325 2101 358 ne
2125 327 2208 375 ag,-

486 370 617 417 nitus
637 376 886 431 cogeretur
909 367 954 412 in
979 365 1107 413 bella
1129 365 1344 428 prodire:
1380 385 1462 416 seu
1494 375 1556 420 ob
1591 372 1879 434 singularem
1911 377 2208 438 sapientiam,

454 471 456 473 ,
489 433 584 498 qua.
607 443 758 481 tectus
782 432 1081 494 munitusque
1107 432 1363 494 plurimum
1381 435 1517 482 sociis
1541 436 1733 500 profuit.
1795 438 1945 500 Hujus
1966 441 2092 488 enim
2113 442 2207 493 vir-

488 499 602 547 tutis
625 507 742 550 erat,
768 497 1121 559 animisemper
1142 495 1422 559 decipientis
1455 500 1709 564 ingenium.
1778 503 2009 554 Nonnulli
2030 506 2208 558 Ithacae

487 564 680 616 incolaS,
710 563 832 609 sicut
862 562 1051 617 Locros,
1075 562 1295 624 palliatos
1320 561 1461 611 fuisse
1485 581 1870 617 commemorant.
1943 570 2141 620 Achillis
2163 584 2212 620 et

488 628 799 690 Neoptolemi*
816 644 1032 691 personae
1055 626 1320 675 diademata
1343 628 1551 689 habent3
1587 635 1798 694 quamvis
1823 635 2000 697 regalia
2023 646 2212 699 sceptra

485 706 727 757 nunquam
763 693 1002 740 tenuerint
1022 710 1036 753 3
1087 695 1220 755 cujus
1260 696 1542 756 argumenti.
1565 698 1778 758 probatio
1815 701 1921 747 talis
1959 701 2211 757 inducitur,

484 756 610 820 quod
648 775 888 822 nunquam
919 775 1028 806 eum
1063 757 1245 823 reliqua
1265 760 1476 808 Graeciaer
1494 761 1742 822 juventute
1773 763 1831 812 ad
1866 767 2074 829 gerenda
2103 785 2212 815 cum

486 823 701 887 Trojanis
723 825 866 880 bella,
885 833 1179 873 sacramenta
1199 826 1528 887 conjurationis
1551 827 1770 884 inierunt,
1789 846 1878 878 nec
1896 848 2101 897 unquam
2121 835 2210 882 sub

482 891 865 953 Agamemnonis
886 890 1084 952 imperio
1110 888 1312 938 fuerunt.
1775 931 1778 933 Α

552 955 764 1004 Comicis
785 956 979 1004 senibus
1000 953 1229 1003 candidus
1248 957 1438 1004 vestitus
1460 957 1712 1014 inducitur,
1733 958 1859 1022 quod
1883 961 1921 1008 is
1943 963 2210 1029 antiquissi-

485 1038 592 1071 mus
608 1021 750 1071 fuisse
766 1030 1070 1071 memoratur.
1103 1020 1516 1071 ‘Adolescentibus
1538 1024 1738 1072 discolor
1761 1027 2044 1082 attribuitur.
2078 1031 2210 1078 Servi

488 1087 660 1136 comici
693 1087 868 1135 amictu
902 1088 1079 1150 exiguo
1113 1096 1442 1150 conteguntur,
1477 1092 1768 1154 paupertatis
1803 1093 2011 1156 antiquae
2043 1096 2211 1158 gratia,

487 1153 562 1202 vel
586 1151 682 1217 quo
707 1151 1026 1216 expeditiores
1049 1162 1205 1217 agant.
1274 1152 1469 1201 Parasiti
1494 1171 1601 1203 cum
1618 1157 1808 1209 ‚intortis
1827 1158 1982 1221 palliis
2001 1161 2209 1210 veniunt.

487 1219 623 1266 Laeto
661 1219 831 1266 vestitu
871 1205 1126 1266 candidus:
1165 1234 1433 1267 aerumnoso
1465 1221 1723 1270 obsoletus:
1771 1236 2030 1287 purpureus
2062 1225 2211 1284 div-iti,

484 1286 686 1348 pauperi
711 1284 992 1348 phoeniceus
1015 1283 1182 1332 datur-z
1223 1284 1360 1331 militi
1385 1284 1604 1350 chlamys
1629 1303 1890 1350 purpurea:
1929 1290 2100 1351 puellae
2129 1291 2211 1338 lia·¹

485 1351 612 1397 bitus
635 1349 915 1415 peregrinus
929 1349 1164 1398 inducitur
1183 1366 1194 1396 :
1234 1349 1342 1397 leno
1364 1351 1509 1413 pallio
1532 1353 1646 1400 varii
1666 1353 1835 1400 coloris
1859 1355 2029 1404 utitur:
2060 1373 2212 1404 mere·

483 1417 591 1464 trici
608 1417 672 1463 ob
688 1415 936 1463 avaritiam
961 1414 1316 1475 luteumdatur.
1384 1415 1606 1480 Syrmata
1628 1419 1755 1470 dicta
1777 1429 1886 1467 sunt
1902 1421 2058 1478 abeo,
2082 1422 2208 1485 quod

484 1482 760 1530 trahuntur:
797 1497 905 1545 quae
931 1497 1002 1528 res
1026 1481 1087 1528 ab
1108 1479 1299 1529 scenica
1333 1480 1520 1533 luxuria
1550 1483 1760 1537 instituta
1795 1495 1923 1541 est.
1947 1485 2127 1539 Eadem
2163 1490 2210 1536 in

485 1546 708 1595 luctuosis
728 1547 940 1611 personis
963 1546 1194 1595 incuriam
1221 1545 1292 1593 sui
1318 1562 1405 1608 per
1426 1547 1769 1612 negligentiam
1794 1548 2042 1614 significat,
2109 1554 2213 1602 Au-

484 1612 581 1660 laea
610 1629 799 1676 quoque
815 1613 865 1660 in
888 1609 1033 1660 scena
1056 1611 1238 1660 intexta
1258 1619 1543 1666 sternuntur,
1564 1612 1699 1676 quod·
1717 1616 1870 1677 pictus
1891 1614 2082 1678 ornatus
2098 1629 2214 1679 erat,

486 1695 550 1728 ex
588 1677 803 1726 Attalica
841 1675 975 1742 regia
1014 1677 1216 1726 Romam
1255 1694 1402 1740 usque
1444 1680 1678 1741 perlatus:
1718 1697 1802 1743 pro
1840 1680 2214 1747 quibus'siparia

484 1754 601 1792 aetas
623 1745 854 1808 posterior
875 1743 1077 1806 accepit.
1138 1743 1223 1794 Est
1247 1752 1403 1790 autem
1425 1744 1669 1792 mimicum
1697 1747 1868 1800 velum,
1891 1748 2013 1809 quod
2036 1749 2213 1812 populo

482 1810 684 1864 obsistit,
710 1809 824 1858 dum
863 1809 1131 1858 fabularum
1167 1817 1299 1856 actus
1333 1819 1698 1859 commutantur.
1765 1812 1996 1868 Diverbia
2029 1814 2215 1862 histrio·

481 1892 577 1923 nes-¹
599 1873 996 1938 pronunciabant.
1063 1873 1262 1926 Cantica
1285 1873 1398 1922 vero
1434 1877 1821 1938 temperabantur
1853 1878 2019 1935 modis,
2053 1895 2147 1928 non
2182 1882 2212 1931 a

480 1940 640 2005 poeti,
675 1939 756 1988 sed
792 1939 825 1988 τὶ-
871 1940 1024 2002 perito
1067 1940 1178 1987 artis
1223 1941 1421 1988 musicae
1468 1940 1617 1989 factis.
1686 1942 1854 2006 Neque
1888 1945 2015 1991 enim
2049 1947 2211 1995 omnia

482 2006 839 2055 iisdemsmodis
874 2006 922 2053 in
944 2021 1050 2053 ,uno
1088 2005 1276 2062 cantico
1310 2006 1584 2070 agebantur,
1623 2006 1726 2063 sed„
1752 2024 1878 2070 saepe
1913 2011 2124 2070 mutatis,
2159 2023 2212 2060 ut

480 2073 754 2135 significant
776 2072 856 2136 qui
878 2081 973 2119 tres
995 2087 1214 2119 numeros
1240 2073 1286 2118 in
1322 2071 1571 2120 comoediis
1593 2082 1790 2135 ponunt,
1826 2075 1909 2137 qui
1939 2083 2033 2124 tres
2059 2076 2212 2124 conti·

479 2148 596 2187 nent
618 2146 823 2187 mutatos
845 2137 1010 2184 modos
1047 2136 1221 2187 cantici
1255 2137 1393 2184 illius.
1459 2137 1553 2186 Qui
1586 2137 2111 2202 hujuscemodi,,modos¹
2139 2142 2211 2190 fa-

481 2199 693 2259 ciebant,
718 2219 897 2251 nomen
919 2203 969 2250 in
991 2202 1226 2266 principio
1248 2202 1427 2250 fabulae
1451 2211 1498 2250 et
1521 2204 1759 2266 scriptoris
1785 2212 1833 2250 et
1855 2205 2031 2253 actoris
2047 2209 2212 2269 super!

479 2270 744 2334 ponebant.
816 2267 1098 2330 Hujusmodi
1133 2267 1252 2316 adeo
1289 2268 1499 2316 carmina
1531 2269 1589 2316 ad
1627 2269 1764 2316 tibias
1800 2268 2025 2330 fiebant}
2048 2282 2101 2319 ut
2138 2273 2212 2325 his

481 2334 670 2390 auditis,
714 2334 852 2382 multi
897 2351 960 2381 ex
997 2334 1175 2399 populo
1208 2333 1316 2383 ante
1351 2335 1601 2389 discerent,
1639 2351 1780 2398 quam
1818 2334 2213 2398 fabulam-*acturi

481 2401 656 2449 scenici
680 2409 849 2455 essent,
873 2399 1017 2463 quam
1040 2400 1233 2454 omnino
1265 2401 1610 2463 spectatoribus
1645 2400 1756 2464 ipsis
1790 2401 2076 2459 antecedens
2099 2404 2214 2461 titu-

480 2467 552 2514 lus
573 2467 979 2530 pronunciaretur.
1047 2466 1506 2531 Agebanturautem
1529 2465 1658 2513 tibiis
1682 2466 1873 2530 paribus
1901 2475 1995 2514 aut*
2018 2468 2209 2531 impari,-
2237 2519 2242 2524 ,

481 2533 589 2588 buS,
613 2541 661 2579 et
683 2531 865 2579 dextris
890 2539 971 2579 aut
993 2530 1205 2579 sinistris.
1271 2531 1650 2587 Dextrae-autem
1676 2541 1724 2579 et
1747 2531 1917 2596 Lydiae
1940 2532 2025 2581 sua
2050 2534 2210 2596 gravi-

481 2604 577 2645 tate
600 2597 768 2645 seriam
788 2595 1315 2645 comoediaevdictionem
1341 2597 1733 2661 pronunciabant.
1767 2619 1769 2621 ·
1800 2596 2012 2645 Sinistrae
2029 2610 2084 2660 ‘et
2097 2599 2210 2654 Sere,

481 2678 613 2710 ranae
653 2663 884 2710 acuminis
922 2662 1114 2712 levitate
1144 2661 1309 2723 jocum
1350 2663 1398 2723 in
1438 2661 1678 2710 comoedia
1708 2662 2053 2722 ostendebant„
2113 2659 2209 2717 Ubi

481 2737 643 2776 autem
677 2727 847 2777 dextra
880 2736 929 2776 et
957 2726 1289 2777 sinistra‘acta
1323 2727 1486 2777 fabula
1517 2728 1876 2784 inscribebatur,
1902 2728 2077 2789 mistim
2109 2729 2211 2791 joci

483 2803 533 2842 et
555 2794 808 2863 gravitates
829 2793 1257 2844 denunciabantur.
2063 2787 2070 2798 ’

599 2980 887 3043 DESID.
953 2979 1359 3042 ERAsMUs
1405 2942 2207 3058 -ΒοΤΕΒοῡΑΜϋε

894 3139 986 3189 DE
1037 3136 1280 3188 METRIS
1327 3135 1786 3188 TERENTIANIS.
1847 3198 1849 3200 Ι

543 3266 733 3316 Comei
758 3267 911 3316 Latini
935 3267 1131 3317 multam
1165 3266 1435 3314 libertatem
1469 3265 1559 3313 sibi
1590 3265 1875 3329 usurparunt
1898 3268 1955 3314 in
1981 3269 2209 3328 versibus,

478 3334 560 3381 sed
586 3349 727 3383 nemo
742 3332 929 3398 largius
951 3333 1206 3382 Terentio:
1245 3330 1365 3379 adeo
1390 3341 1442 3378 ut
1464 3331 1591 3394 apud
1616 3332 1793 3395 priscos
1814 3349 2000 3396 quoque
2037 3333 2213 3383 fuerint

477 3399 559 3464 qui
575 3399 862 3462 judicarent,
890 3398 939 3445 in
962 3398 1099 3462 hujus
1117 3397 1292 3445 fabulis
1312 3396 1490 3444 nullam
1507 3412 1608 3443 esse
1631 3397 1896 3445 carminum
1913 3398 2085 3460 legem.
2118 3401 2210 3447 Sed

480 3465 567 3513 hos?
591 3463 700 3512 fani
723 3461 1035 3512 manifestum·
1046 3474 1133 3511 est.
1189 3462 1379 3510 Rursus
1400 3460 1592 3508 fuerunt
1663 3461 1706 3508 ui
1743 3478 1840 3510 non
1873 3464 2122 3528 negarunt,
2147 3465 2209 3512 ab

478 3528 574 3577 hoc
598 3529 771 3577 servari
794 3539 1054 3577 metrorum
1086 3528 1232 3591 legeS,
1272 3526 1352 3574 sed
1388 3527 1450 3574 ob
1475 3478 1781 3574 immodicam
1809 3528 2078 3576 libertatem
2111 3546 2208 3577 non

479 3609 583 3643 esse
606 3610 766 3660 operae
794 3594 1005 3659 pretium
1025 3592 1231 3660 torqueri
1263 3591 1427 3643 doctos
1459 3592 1727 3644 carminum
1749 3592 2056 3652 dimensione,
2080 3593 2207 3660 quod
