2314 3944
841 161 1072 215 ACTUS
1107 159 1202 213 ΙΙΙ.
1276 158 1510 213 SCENA
1544 159 1588 211 Ῑ.

201 305 425 359 Fortasse
449 299 607 356 unum
633 302 834 373 aliquod
855 305 1061 355 verbum
1087 303 1218 354 hanc
1239 303 1370 354 inter
1394 320 1475 353 eas
1493 302 1615 353 iram

342 375 628 426 conciverit.
934 383 937 388 ’

202 446 354 499 Pam.
391 446 510 510 Abi,
532 446 796 510 Parmeno,
821 446 969 508 intro,
1000 463 1060 496 ac
1095 460 1178 495 me
1209 443 1398 495 venisse
1424 443 1618 495 nuntia.

342 517 470 568 Par.
508 516 658 568 hem!
698 517 967 586 quidhoc?
1007 516 1161 567 Pam.
1187 522 1314 564 tace.
1547 520 1617 565 34

203 586 329 638 Par.
367 586 626 655 Trepidari
675 588 851 650 sentio,
899 586 1084 637 cursari
1133 602 1326 636 rursum
1373 602 1617 652 prorsum.

342 657 491 709 Pam.
517 660 731 726 agedum
757 659 819 708 ad
843 660 1000 708 fores:
1316 655 1617 722 [fabularier.

201 726 405 779 Accede
429 731 643 798 propius.
683 720 808 780 Par.
834 728 950 778 hem
972 728 982 778 ἒ
1011 726 1292 778 sensistin'?
1335 727 1486 776 Pam.
1513 725 1616 776 noli

179 797 299 849 'Pro
321 797 550 868 Jupiter!
589 799 740 851 audio
775 801 1064 850 clamorem.
1103 799 1229 849 Par.
1255 806 1361 847 tute
1386 796 1617 865 loqueriS,

342 888 426 920 me
445 870 606 922 vetas!

200 940 315 1008 My.
349 940 505 1009 Tace,
537 943 758 1004 obsecre,
783 941 895 992 mea
931 950 1099 1008 gnata.
1142 940 1303 991 Pam.
1327 938 1498 991 matris
1522 957 1619 990 vox

341 1011 444 1063 visa
461 1024 535 1063 est
557 1012 893 1064 Philumenae.
1549 1016 1619 1062 38

202 1079 387 1133 Nullus
409 1101 540 1135 sum.
599 1084 725 1134 Par.
763 1085 848 1152 qui
874 1083 1030 1134 dum?
1084 1082 1241 1134 Pam.
1291 1081 1433 1151 perii.
1493 1082 1618 1133 Par.

344 1171 496 1222 quam
521 1155 586 1205 ob
622 1154 764 1204 rem?
805 1153 959 1212 Pam.
999 1153 1168 1204 nescio
1205 1154 1335 1222 quod
1375 1169 1618 1220 magnum

343 1226 534 1276 malum
1146 1264 1150 1268 .
1339 1224 1618 1293 [lumenam

203 1293 449 1358 Profecto,
471 1296 731 1359 ParmenO,
759 1314 841 1348 me
879 1297 1059 1347 celant.
1100 1293 1228 1346 Par.
1267 1312 1470 1346 uxorem
1499 1294 1617 1344 Phi-

200 1364 424 1416 Pavitare
444 1366 612 1418 nescio
631 1367 751 1434 quid
768 1367 1024 1418 dixerunt:
1051 1366 1101 1417 id
1121 1366 1162 1417 si
1182 1368 1306 1417 forte
1326 1377 1414 1430 est,
1438 1365 1617 1416 nescio,

195 1435 355 1506 ,Pam
390 1435 600 1490 Interii:
639 1455 730 1488 cur
751 1438 879 1488 mihi
905 1437 955 1489 id
993 1454 1094 1488 non
1130 1436 1295 1488 dixti?
1335 1438 1462 1488 Par.
1501 1436 1622 1506 quia

342 1524 445 1558 non
468 1518 691 1576 poteram
717 1510 818 1558 una
841 1508 1026 1561 omnia.

204 1578 355 1630 Pam.
395 1578 534 1634 Quid
558 1579 720 1637 morbi
745 1580 854 1630 est?
899 1580 1022 1631 Par.
1048 1580 1232 1632 nescio,
1273 1579 1425 1631 Pam.
1460 1578 1616 1648 quid?

344 1666 560 1701 nemone
587 1650 839 1701 medicum
865 1650 1104 1702 adduxit?
1146 1652 1272 1703 Par.
1299 1651 1487 1703 nescio,
1548 1655 1616 1701 43

201 1717 361 1770 Pam.
398 1720 549 1772 Cesso
583 1721 704 1772 hinc
744 1721 815 1772 ire
853 1721 1002 1786 intro,
1025 1732 1080 1772 ut
1104 1722 1202 1773 hoc
1227 1721 1619 1791 quamprimum,

235 1854 238 1858 ι
345 1790 590 1861 quicquid
614 1805 703 1856 est,
733 1794 868 1844 certo
890 1792 1086 1844 sciam?
1142 1808 1144 1810 ’
1326 1792 1617 1860 [affectam?

203 1860 439 1915 Quonam
468 1864 632 1925 mod0,
660 1863 958 1914 Philumena
982 1881 1111 1926 mea,
1135 1878 1272 1917 nunc
1291 1872 1343 1913 te
1365 1863 1618 1915 offendam

202 1930 335 1984 Nam
362 1933 403 1984 si
427 1934 706 2002 periculum
733 1935 896 1986 ullum
922 1934 974 1986 in
999 1945 1047 1985 te
1072 1942 1160 1998 est,
1183 1934 1386 2003 periisse
1410 1952 1494 1986 me
1518 1936 1619 1984 una

345 2004 478 2056 haud
497 2005 706 2056 dubium
729 2014 816 2056 est.
1480 2004 1618 2073 [qui.

205 2074 333 2128 Ρανῖ
354 2075 472 2126 Non
500 2094 616 2128 usus
642 2077 775 2127 sacto
799 2086 872 2127 est
897 2076 1021 2127 mihi
1048 2094 1201 2140 nunc,
1227 2076 1366 2127 hunc
1390 2076 1522 2127 intro
1540 2094 1619 2126 se-

206 2144 341 2197 Nam
364 2146 551 2198 invisos*
566 2147 761 2198 omneis
783 2167 870 2199 nos
895 2165 997 2198 esse
1023 2146 1121 2198 illis
1140 2148 1319 2200 sentio,

206 2215 337 2268 Heri
362 2235 511 2269 nemo
530 2219 686 2269 voluit
712 2218 981 2270 Sostratam
1002 2219 1132 2270 intro
1150 2219 1428 2271 admittere.

207 2286 263 2337 Si
286 2290 410 2339 forte
436 2290 635 2340 morbus
654 2291 867 2358 amplior
889 2293 1046 2341 factus
1065 2290 1173 2354 siet,

207 2358 358 2414 Quod
381 2363 498 2410 sane
522 2361 693 2424 nolim,
719 2363 954 2412 maxume
974 2361 1080 2412 heri
1106 2364 1251 2412 causa
1271 2361 1388 2426 mei,

206 2428 415 2482 Servum
443 2431 580 2483 illico
605 2432 848 2483 introiisse
871 2431 1041 2483 dicent
1065 2433 1316 2497 Sostratae,
1336 2455 1339 2459 ·

205 2501 414 2570 Aliquid
439 2503 606 2554 tulisse
631 2503 1076 2554 comminiscentur
1098 2504 1237 2566 mali,

206 2570 373 2639 Capiti
393 2583 540 2641 atque
559 2574 694 2625 aetati
714 2574 913 2625 illorum
937 2576 1138 2632 morbus
1157 2577 1244 2644 qui
1263 2583 1438 2627 auctus
1462 2575 1584 2628 siet:

209 2641 352 2694 Hera
371 2643 425 2694 in
451 2644 642 2696 crimen
666 2645 847 2709 veniet,
880 2662 976 2713 ego
1003 2646 1120 2697 verb
1157 2645 1210 2697 in
1244 2663 1486 2714 magnum
1512 2664 1620 2699 ma-

352 2714 474 2765 lum.
1551 2724 1618 2769 55

1552 2297 1623 2343 50

2129 168 2233 216 265
2299 157 2305 170 “

1670 299 1820 339 fortasse
1838 314 1956 340 unum
1987 305 2115 341 nescio
2141 306 2241 355 quod
2284 291 2289 303 ⁶

1668 354 1822 396 verbum
1874 353 1971 391 hanc
2016 356 2240 396 simultatem

1670 407 1768 444 inter
1810 420 1871 444 eas
1907 408 2066 455 excitare
2106 411 2240 459 potuit.

1671 459 1779 497 Pam.
1815 459 1906 505 Abi,
1942 458 2135 505 Parmeno,
2176 462 2242 499 do-

1670 524 1787 558 mum,
1814 513 1853 549 in
1885 512 1957 562 qua
1975 522 2030 550 est
2055 511 2244 551 Philume-

1669 576 1730 609 na,
1747 577 1790 601 ac
1807 577 1867 602 me
1885 577 1932 601 ex
1951 563 2078 603 Imbro
2095 566 2244 603 rediisse

1668 615 1775 654 refer.
1803 617 1890 654 Par.
1917 615 2035 664 Hem,
2065 618 2153 667 quid
2170 616 2243 656 hoe

1670 677 1738 714 est,
1756 670 1854 719 quod
1870 670 2006 707 audio?
2028 670 2135 708 Pam.
2150 668 2243 717 Sile,

1668 722 1751 758 audi
1784 722 1990 772 diligenter.
2025 723 2114 761 Par.
2142 721 2244 761 Voce

1669 774 1825 811 tremula
1868 775 2041 813 timorem
2088 775 2242 816 indicari

1669 827 1847 876 percipio,
1873 827 1918 864 ab
1959 829 2020 874 iis,
2049 828 2114 878 qui
2144 828 2243 870 intus

1669 887 1770 924 sunt,
1790 890 1827 916 et
1846 877 1914 916 hac
1945 889 1983 916 et
2003 879 2086 918 illac
2105 880 2244 919 discur-

1670 931 1748 966 sari.
1777 931 1863 968 ante
1902 941 1940 968 et
1974 943 2083 970 retro.
2135 934 2246 972 Pam.

1671 983 1842 1034 Agedum
1880 984 1927 1021 ad
1965 986 2102 1022 ostium
2139 999 2244 1024 aures

1671 1036 1822 1086 propius
1837 1037 1998 1074 admove.
2027 1038 2115 1076 Par.
2130 1037 2259 1084 Hem.

1673 1088 1804 1139 ecquid
1821 1089 1990 1126 audivisti
2004 1090 2019 1126 ?
2040 1091 2148 1128 Pam.
2164 1089 2257 1128 No-.

1672 1140 1699 1178 li
1738 1142 1884 1191 garrire.
1941 1139 2042 1179 Proh
2069 1141 2256 1194 Jupiter}

1672 1193 1970 1231 vociferationem
1998 1195 2119 1232 audio.
2156 1196 2248 1235 Par·

1671 1245 1731 1283 Tu
1767 1247 1860 1297 ipse,
1886 1244 2090 1297 Pamphile,
2118 1247 2251 1299 loque-

1673 1299 1737 1344 ris,
1764 1310 1802 1336 et
1833 1298 1933 1350 loqui
1958 1313 2016 1336 me
2041 1299 2244 1351 prohibes?

1673 1352 1762 1402 My.
1790 1350 1928 1389 Vocem
1957 1354 2160 1404 supprime,
2178 1352 2246 1391 ob·

1671 1417 1788 1451 secro,
1830 1418 1911 1442 mea
1942 1414 2066 1455 gnata.
2133 1407 2256 1448 Pam..

1671 1454 1768 1494 Puto
1806 1470 1866 1495 me
1903 1458 2081 1495 audivisse
2119 1471 2248 1499 vocem

1671 1507 1878 1561 Myrrhinae
1901 1511 2025 1548 matris
2056 1508 2248 1550 Philume-

1671 1576 1743 1600 nae.
1795 1561 1859 1600 De
1875 1576 1936 1600 me
1953 1572 2076 1601 actum
2101 1574 2160 1602 est
2177 1565 2247 1603 mi·-

1671 1627 1765 1653 sero.
1793 1616 1882 1653 Par.
1900 1614 1977 1654 Cur
2003 1615 2048 1653 de
2067 1624 2104 1653 te
2121 1626 2248 1657 actm

1671 1669 1753 1706 est?
1782 1668 1890 1706 Pam.
1909 1667 2009 1711 Quia
2020 1668 2144 1707 dolore
2156 1683 2246 1710 cou-

1670 1719 1789 1758 fectus
1820 1734 1903 1758 sum
1930 1721 1975 1758 ad
2003 1730 2159 1760 mortem
2182 1736 2248 1762 us—

1672 1786 1756 1823 que.
1797 1774 1886 1811 Par.
1919 1773 2041 1816 Quam
2077 1773 2125 1813 ob
2158 1786 2248 1814 cau-

1672 1826 1775 1863 sam?
1821 1826 1928 1864 Pam.
1975 1825 2123 1865 Nescio·
2145 1829 2248 1878 quod

1671 1891 1777 1929 grave
1806 1879 1961 1916 exitium
1999 1878 2089 1917 mihi
2123 1881 2248 1919 occul·

1675 1941 1765 1968 tant.
1795 1932 1907 1969 .Par.
1942 1931 2104 1970 Uxorem
2140 1942 2245 1972 tuam

1669 1981 1927 2022 Philumenam
1965 1985 2143 2036 pavidam,
2178 2000 2248 2024 ne-

1669 2037 1745 2074 scio
1778 2037 1867 2087 quid
1894 2035 2041 2076 horrere
2072 2037 2175 2084 mali,
2206 2046 2247 2076 et

1669 2090 1875 2141 praetimere
1905 2089 2059 2128 relatum
2090 2098 2167 2128 est:
2210 2091 2249 2130 ini

1670 2143 1701 2179 si
1733 2141 1826 2179 forte
1857 2151 1928 2189 est,
1959 2150 2111 2195 propter
2140 2144 2248 2194 quod

1673 2194 1886 2241 clamitavit,
1925 2195 2066 2247 ignoro.
2137 2196 2246 2236 Pam.

1673 2245 1790 2285 Perii:
1819 2260 1885 2285 cur
1901 2247 1946 2285 de
1963 2246 2032 2286 lule
2047 2261 2084 2285 re
2097 2261 2155 2286 me
2169 2262 2246 2287 non

1673 2300 1873 2338 monuisti?
1916 2300 2006 2338 Par.
2041 2299 2144 2343 Quia
2170 2316 2246 2340 non

1673 2363 1839 2404 poteram
1877 2354 2000 2391 omnia
2030 2353 2140 2391 simul
2175 2355 2244 2395 tibi

1671 2406 1804 2444 dicere.
1848 2406 1956 2444 Pam.
1997 2404 2246 2448 Quo'morbo

1671 2458 1836 2497 laborat?
1879 2459 1967 2497 Par.
2000 2456 2105 2500 Istud
2138 2460 2247 2510 igno-

1672 2524 1726 2549 ro.
1781 2511 1887 2550 Pam.
1922 2509 2027 2554 Quid
2066 2511 2243 2562 ignoras?

1674 2563 1845 2602 nullusne
1884 2563 2049 2602 medicus
2081 2562 2127 2600 ad
2161 2577 2245 2604 eam

1673 2616 1870 2654 curandam
1885 2624 2034 2653 vocatus
2049 2617 2134 2654 est?
2157 2618 2247 2656 Par·

1675 2667 1824 2720 Ignoro,
1855 2682 1902 2706 an
1930 2668 2096 2706 medicus
2126 2670 2162 2707 ei
2188 2667 2247 2707 af-

1674 2720 1798 2759 fuerit.
1825 2721 1932 2759 Pam.
1947 2718 2070 2759 Nimis
2086 2721 2190 2760 tardo
2205 2722 2248 2760 ln

1673 2774 1823 2814 domum
1856 2774 1980 2812 socrus
1995 2774 2076 2819 sire,
2102 2785 2149 2812 ut
2173 2772 2247 2812 hoc

205 2819 316 2870 quam
334 2820 422 2866 cito,
434 2821 690 2871 quodcumque
705 2829 825 2873 potest
835 2835 928 2869 esse,
946 2835 1014 2874 pro
1024 2831 1125 2861 certo
1140 2823 1372 2874 comperiam.
1418 2821 1591 2866 Quonam
1605 2827 1730 2873 modo,
1744 2825 2071 2871 Philumena-mea,
2091 2836 2131 2865 te
2147 2828 2249 2865 inve-

208 2873 309 2913 niam
327 2873 365 2910 in
384 2873 501 2911 reditu
519 2874 541 2912 a
556 2874 683 2912 morbo
700 2875 858 2911 tentari?
889 2889 970 2913 nam
995 2877 1024 2913 si
1040 2876 1224 2913 tantulum
1243 2875 1471 2926 periclitaris,
1491 2886 1631 2916 certum
1650 2887 1705 2916 est
1724 2892 1782 2916 me
1801 2880 1839 2916 in
1855 2879 1984 2923 eodem
1999 2881 2132 2919 versari
2151 2881 2246 2931 peri-

209 2925 307 2964 culo.
360 2926 448 2964 Par.
479 2925 565 2964 Nou
580 2927 672 2965 utile
689 2925 787 2968 factu
803 2926 897 2968 mihi
926 2941 1024 2970 nunc
1041 2938 1096 2966 est
1114 2927 1216 2965 hunc
1233 2930 1272 2966 in
1290 2929 1438 2966 domum
1458 2929 1557 2966 intro
1572 2932 1756 2977 comitari;
1788 2945 1871 2969 uam
1887 2945 1962 2969 nos.
1973 2944 2103 2968 exosos
2119 2945 2247 2970 omnes

211 2977 300 3023 illis,
318 2979 423 3016 matri
441 2988 479 3016 et
498 2979 582 3017 filiae
597 2980 751 3023 scilicet,
772 2993 850 3016 esse
871 2981 1050 3032 intelligo.
1079 2979 1264 3018 Hesterna
1281 2978 1349 3018 die
1363 2994 1472 3018 nemo
1489 2994 1532 3019 ex
1549 2981 1688 3022 familia
1714 2984 1784 3022 ists
1800 2984 1915 3022 voluit
1930 2981 2146 3031 Sostratam,
2171 2997 2248 3027 maq

210 3039 306 3066 trem
325 3028 522 3081 Pamphili,
543 3034 581 3069 in
598 3033 692 3070 aedes
711 3032 809 3069 intro
822 3032 1025 3070 admittere.
1055 3031 1096 3071 Si
1115 3033 1207 3070 forth
1236 3033 1382 3071 morbus
1402 3034 1479 3083 ejus
1497 3036 1639 3085 gravior
1655 3035 1773 3074 factus
1790 3037 1916 3080 suerit,
1929 3035 2029 3086 quod
2041 3036 2246 3082 abominor,

212 3081 367 3118 maxime
382 3093 528 3134 propter
545 3081 776 3136 Pamphilum
796 3083 924 3126 hei-,um
945 3094 1082 3130 meum,
1100 3088 1220 3123 statim
1239 3085 1363 3123 dicent
1374 3099 1517 3124 servum
1536 3086 1712 3126 Sostratae
1734 3090 1829 3129 intro
1847 3090 2051 3140 ingressum
2070 3102 2164 3135 esse,
2181 3089 2247 3126 uli-

211 3133 300 3183 quid
314 3134 526 3185 confingent
541 3139 689 3174 noxium
709 3137 813 3174 illum
830 3138 994 3176 attulisse
1014 3142 1096 3177 vitae
1115 3139 1258 3176 illorum
1276 3148 1312 3175 et
1327 3139 1433 3176 annis
1450 3141 1569 3177 aetatis
1595 3143 1805 3186 exitiosum,
1817 3154 1893 3191 quo
1917 3139 2066 3179 morbus
2083 3154 2247 3179 accreve-

210 3187 280 3223 rit:
309 3186 403 3229 unde
421 3185 509 3226 hera
521 3186 688 3231 Sostrata
702 3190 856 3233 crimine
869 3202 1087 3238 accersexur,
1102 3205 1171 3243 ego
1184 3191 1268 3228 vero
1287 3191 1325 3227 in
1341 3192 1580 3242 quaestionem
1592 3193 1818 3245 postulabor.

1015 3354 1454 3399 ANNOTATIONES.

271 3487 318 3517 55
348 3478 448 3516 Hera
477 3478 518 3516 in
547 3480 680 3517 crimen
696 3478 839 3529 veniet]
894 3478 1075 3519 Veneficii
1102 3494 1208 3519 accu-

212 3531 367 3571 subitur.

269 3584 351 3633 Ego
381 3583 463 3621 verb
485 3583 524 3620 in
552 3595 727 3634 mag-num
753 3583 922 3633 malum-J
980 3583 1207 3635 Quaestioxiis

213 3638 408 3685 tormentis
442 3634 612 3684 subjiciar
655 3636 807 3674 scilicet.
877 3635 1009 3674 Servos
1046 3639 1208 3687 torqueri

216 3688 320 3738 olim,
348 3687 484 3740 quibus
511 3688 590 3726 sine
621 3690 825 3740 quaestione
855 3687 948 3731 nihil
982 3690 1208 3740 credebatur,

1260 3483 1536 3520 usitatissimum
1581 3482 1670 3522 fuit:
1717 3496 1785 3521 nec
1829 3483 1948 3522 solum
1990 3483 2147 3530 alienos,
2186 3485 2251 3522 scd

1261 3536 1369 3572 etiam
1389 3543 1545 3582 nostros,
1563 3537 1626 3585 qui
1655 3536 1874 3574 vocabantur
1890 3538 2075 3575 interdum
2094 3539 2132 3574 in
2149 3538 2251 3574 testi-

1259 3587 1427 3624 monium
1445 3595 1574 3624 contra
1598 3601 1684 3626 nos:
1714 3602 1788 3626 non
1807 3589 1942 3627 temere
1959 3598 2097 3636 tamen,
2117 3590 2186 3627 uisi
2210 3590 2250 3626 in

1260 3639 1367 3677 causa
1385 3638 1537 3679 fraudati
1549 3640 1679 3682 tributi
1697 3651 1734 3679 et
1751 3641 1831 3681 aliis
1847 3641 2077 3695 quibusdam.
