2314 3944
1516 70 1537 81 p

795 162 1027 218 ACTUS
1065 165 1157 219 IV.
1234 159 1467 218 SCENA
1503 164 1594 219 IV.

131 308 237 379 Py.
272 309 392 362 Jam
417 305 526 360 sati'
552 304 710 359 credis
733 307 948 360 sobriam
973 325 1078 360 esse
1114 325 1214 373 me,
1238 316 1290 359 et
1312 308 1386 360 nil
1406 325 1552 360 men·

209 444 214 449 ι
251 381 414 446 ,τίιειηι
438 379 569 430 tibi?

126 452 247 507 Jam
283 451 390 510 sati'
417 460 612 502 certum
638 449 982 521 est-virginem
1018 449 1241 501 vitiatam
1267 451 1409 503 esse?
1448 451 1550 503 Ph.

235 586 238 588 q
268 540 360 591 age
385 540 539 585 nunc,
562 521 751 585 bellua,
1380 556 1382 558 v

128 593 302 646 Credis
339 593 458 644 huic
496 593 630 662 quod
675 592 843 644 dicat?
894 591 996 660 Py.
1033 591 1158 662 quid
1192 589 1274 642 isti
1309 592 1548 645 credam?

269 682 344 716 res
370 664 475 733 ipsa
496 664 702 715 indicat.

127 735 235 789 Ph.
274 735 659 799 Concede‘istuc
679 735 972 803 paululum:
1012 731 1215 783 audin'?
1255 731 1407 784 etiam
1427 751 1553 803 pau-

270 808 466 869 lulhm3
505 816 579 858 sat
603 815 692 857 est.
1459 803 1461 805 ’

125 877 229 931 Dic
254 879 375 929 dum
415 878 511 930 hoc
543 895 757 940 rursum,
783 874 1042 928 Chaerean'
1068 883 1208 925 tuam
1232 882 1421 925 vestem
1458 875 1550 926 de-

266 950 416 1001 traxit
438 949 531 1000 tibi
553 950 569 1000 ?
892 944 894 948 “
1480 951 1551 997 4ο

127 1019 233 1072 Do.
272 1021 315 1071 F
316 1030 504 1072 actum.
548 1020 647 1072 Ph.
674 1029 724 1070 et
761 1018 821 1069 ea
844 1026 917 1067 est
940 1016 1171 1068 indutus?
1216 1016 1317 1068 Do,
1339 1018 1550 1069 factum.

269 1092 369 1143 Ph.
408 1101 458 1142 et
477 1109 567 1160 pro
584 1101 634 1141 te
658 1090 758 1140 huc
782 1088 1015 1140 deductu'
1041 1089 1147 1139 est?
1188 1088 1292 1140 Do,
1321 1088 1407 1140 ita.

126 1162 232 1214 Ph.
268 1162 470 1231 Jupiter
503 1179 701 1229 magne,
738 1161 769 1210 ὂ
804 1161 1088 1224 scelestum,
1123 1167 1272 1230 atque
1307 1161 1551 1212 audacem

267 1233 528 1284 hominem
549 1232 573 1283 !⁷
600 1232 701 1300 Py.
727 1249 801 1282 vae
826 1230 955 1282 mihi
977 1231 989 1282 l
1421 1231 1549 1300 [dis?

125 1304 296 1357 Etiam
325 1322 462 1355 nunc
487 1322 589 1355 non
610 1302 767 1355 credis
787 1302 1006 1370 indignis
1025 1321 1115 1354 nos
1134 1319 1238 1354 esse
1259 1302 1419 1354 irrisas
1438 1318 1549 1354 mo-

127 1377 227 1428 Ph.
253 1375 447 1430 Mirum
474 1375 528 1427 ni
547 1384 604 1426 tu
625 1373 782 1426 credis
799 1374 934 1443 quod
953 1374 1043 1426 iste
1064 1374 1213 1426 dicat.
1245 1374 1366 1445 quid
1385 1392 1550 1443 agam,

259 1463 444 1498 nesclo.

124 1513 271 1568 Heus
296 1526 381 1582 tu,·
404 1527 587 1586 negato
622 1534 835 1569 rursum.
869 1533 1139 1587 possumne
1175 1535 1271 1586 ego
1301 1515 1452 1569 hodie
1489 1533 1552 1568 ex

267 1598 317 1639 te
343 1591 609 1658 exculpere
1480 1593 1548 1639 45

125 1657 353 1712 Verum?
393 1659 610 1712 vidistin'
646 1661 849 1712 fratrem
890 1659 1192 1712 Chaeream?
1229 1676 1242 1686 Χ
1265 1657 1373 1712 Do·
1427 1676 1549 1712 non.

267 1732 368 1782 Ph.
407 1749 508 1783 non
533 1742 695 1800 potest
717 1732 825 1784 sine

124 1801 271 1858 Malo
307 1803 466 1867 fateri,
502 1805 679 1855 video:
728 1821 935 1873 sequere
970 1820 1055 1854 me
1084 1801 1219 1856 hac:
1276 1802 1429 1855 modo
1464 1802 1551 1868 ait,

269 1875 420 1925 modo
444 1885 610 1943 negat.
943 1899 945 1901 ’

125 1945 230 1998 Ora
252 1963 369 1998 me.·
391 1945 496 1997 Do.
533 1947 738 1999 obsecro
761 1956 812 1998 te
834 1947 966 2012 vero,
991 1945 1240 1998 Phaedria.
1278 1945 1379 1997 Ph.
1418 1946 1549 2000 intro

268 2033 404 2068 nunc
423 2014 547 2087 jam.
585 2018 690 2070 Do.
716 2019 818 2082 hoi,
845 2019 946 2070 hei.

126 2086 228 2139 Ph:
264 2088 383 2140 Alio
401 2098 549 2158 pacto
573 2090 781 2142 honeste
801 2089 1054 2159 quomodo
1074 2088 1196 2140 hinc
1216 2104 1352 2140 nunc
1371 2090 1547 2141 abeam

269 2178 438 2211 nesclo
459 2180 472 2214 t
532 2207 534 2209 ,
1511 2196 1512 2201 ,

124 2229 313 2281 Actum
338 2240 411 2282 est
433 2231 696 2300 siquidem.
735 2241 793 2284 tu
810 2231 899 2284 ‘me
922 2232 1008 2284 hic
1032 2231 1185 2283 etiam
1207 2231 1394 2282 nebulo
1418 2230 1551 2282 ludi-

266 2301 514 2354 ficabere?
844 2367 850 2372 Ι
1482 2307 1552 2353 50

125 2371 231 2441 Py.
254 2370 587 2455 Parmenonis·
601 2384 706 2427 tam
725 2374 953 2429 scio'esse
971 2376 1104 2428 hanc
1123 2374 1378 2440 technam,
1398 2376 1551 2444 quam

271 2461 354 2495 me
377 2462 558 2498 vivere.

126 2513 263 2567 Dor.
298 2514 387 2566 Sic
412 2525 502 2569 est.
540 2518 637 2586 Py.
666 2516 921 2570 inveniam
956 2519 1044 2588 pol
1077 2517 1228 2570 hodie
1263 2534 1436 2587 parem
1461 2515 1554 2568 ubi.

267 2587 475 2640 referam
501 2589 731 2656 gratiam.
1189 2617 1193 2632 ι

124 2654 228 2708 Sed
265 2674 417 2721 nunc,
454 2659 577 2728 quid
611 2660 899 2712 faciendum
937 2677 1124 2724 censeS‚
1158 2659 1378 2712 Dorias?
1418 2659 1550 2711 Dor.

137 2739 141 2744 ’
249 2729 328 2780 -de
354 2729 479 2781 istac
505 2747 588 2781 me
610 2748 754 2799 rogas

122 2797 369 2868 Virgine?
406 2802 506 2869 Py.
532 2800 632 2854 ita:
657 2804 826 2854 utrum
849 2811 1130 2868 taceamne,
1149 2820 1214 2854 an
1237 2800 1544 2872 praedicem?

267 2871 400 2923 Dor.
437 2881 492 2924 tu
513 2874 615 2940 pol,
640 2872 682 2924 si
705 2874 851 2943 sapiS,

123 2939 275 2998 Quod
313 2943 424 3008 sciS,
467 2943 644 3007 n'esciS‚
685 2961 849 3015 neque
889 2945 952 2998 de
993 2945 1245 3011 eunuchO,
1282 2961 1447 3014 neque
1485 2942 1548 2994 de

265 3013 387 3066 vitio
410 3014 616 3084 virginis
638 3035 672 3081 z,
1477 3019 1543 3066 55

124 3080 248 3136 Hac
281 3103 333 3136 re
370 3098 421 3137 et
455 3094 506 3137 te
542 3085 684 3139 omni
719 3087 866 3140 turba
900 3089 1125 3154 evolveS,.
1148 3096 1214 3153 et·
1236 3085 1311 3140 illi
1345 3093 1546 3156 gratum

264 3157 456 3214 feceris,

121 3263 197 3316 qua
221 3261 441 3302 Parmenoni
471 3265 589 3304 vicem
613 3264 774 3307 reddam.
826 3264 902 3305 Sed
930 3278 1045 3311 nune,
1072 3263 1223 3315 Dorias,
1254 3264 1344 3317 quid
1374 3263 1493 3304 faeere
1521 3278 1586 3303 sua

2111 171 2187 220 85

1605 305 1679 359 Py.
1722 303 1810 345 Jam
1854 308 1956 354 satis,
1998 303 2181 356 Phaedria,

1605 359 1720 398 credis
1748 374 1808 398 me
1839 373 1915 398 non
1945 373 2023 398 esse
2058 371 2182 400 temu-

1604 412 1754 459 lentam,
1769 426 1837 451 nec
1854 412 2054 464 quidquam
2072 428 2178 452 men-

1603 465 1698 503 dacii
1739 467 1915 504 finxisse?

1603 518 1831 570 exploratum
1860 527 1916 557 est
1945 528 1983 556 et
2012 531 2180 572 comper-

1603 579 1699 618 tum,
1730 572 1922 624 virginem'
1941 580 2070 625 stupro
2095 573 2179 624 pol·

1602 623 1717 661 lutam
1735 625 1842 662 esse?
1871 625 1942 662 Ph.
2021 638 2042 662 e
2061 638 2178 672 nunc,

1603 677 1749 724 stolida,
1789 677 1953 716 credisne
2020 678 2080 715 uic
2123 677 2179 726 id,

1605 729 1703 779 quod
1732 730 1855 768 dicat?
1893 728 2084 769 Nimirum
2102 744 2181 769 ser·

1604 794 1663 827 vo,
1703 780 1890 830 eunucho,
1923 791 1962 821 et
1996 782 2178 835 fugitivo!

1605 834 1678 885 Py.
1703 834 1779 872 Cur
1804 836 1866 873 isti
1896 848 1972 873 non
2001 835 2178 876 credam?

1605 885 1705 924 Nam
1738 888 1807 925 etsi
1835 901 1911 926 non
1948 889 2179 937 crediderim,

1604 942 1767 989 resrsatis
1785 942 1863 992 ipsa
1883 941 2052 980 declarat.
2104 942 2180 980 Pk.

1603 991 1720 1037 Dore,
1734 994 1862 1031 secede
1875 992 1950 1031 huc
1963 993 2154 1045 paululum
2167 1008 2178 1034 τ

1604 1046 1778 1084 audisne?
1809 1045 1924 1084 Nunc
1950 1047 2063 1086 etiam
2086 1060 2182 1098 pau-

1603 1097 1746 1143 lulum3
1775 1100 1861 1137 satis
1879 1108 1944 1136 est.
1979 1097 2179 1151 Responde

1604 1150 1703 1189 mihi
1714 1152 1862 1199 iterum,
1887 1150 2088 1190 Chaere'ane
2119 1162 2181 1189 tu-

1603 1216 1663 1241 am
1704 1213 1839 1242 vestem
1884 1203 2042 1242 detraxit
2074 1204 2177 1244 tibi?

1605 1257 1678 1295 Do.
1696 1255 1849 1295 Factum
1864 1267 1920 1296 est
1938 1258 2002 1295 ita.
2036 1257 2108 1296 Ph.
2126 1256 2182 1297 Et

1604 1323 1684 1347 eam
1712 1310 1858 1348 induit?
1890 1311 1962 1348 Do.
2003 1307 2178 1358 Factum,

1602 1363 1767 1413 inquam.
1803 1362 1875 1401 Ph.
1900 1361 1952 1400 Et
1970 1375 2046 1414 pro·
2061 1372 2102 1401 te
2128 1363 2179 1402 ad

1601 1413 1781 1454 Thaidem
1794 1415 1971 1454 deductus
1987 1416 2068 1454 ese?
2099 1415 2180 1454 Do.

1602 1466 1740 1506 Etiam.
1784 1468 1854 1506 ΡῙι.
1885 1466 1985 1506 Proh
2019 1468 2181 1507 maxime

1603 1521 1753 1559 deorum
1778 1512 1952 1573 Jupi‘ter!
1982 1518 2019 1559 Ο
2041 1520 2180 1559 nefari-

1602 1587 1666 1613 um
1697 1584 1735 1612 et
1765 1575 1817 1612 im
1845 1573 2020 1612 udentem
2052 1573 2182 1612 homi-

1602 1628 1709 1665 nem!
1728 1627 1800 1679 Py.
1850 1640 1883 1664 ae
1898 1626 1994 1665 mihi
2010 1627 2175 1667 miserae!

1602 1678 1732 1723 Quid?
1774 1681 1936 1718 etiamne
1968 1692 2066 1718 nunc
2097 1692 2179 1718 cre-

1597 1733 1688 1771 dere
1715 1746 1793 1771 non
1828 1734 1882 1771 vis
1911 1732 2074 1785 indignis
2091 1745 2178 1771 -uos

1603 1799 1683 1824 esse
1699 1786 1841 1824 delusas
1854 1785 1976 1825 dolis?
2006 1785 2076 1824 Ph.
2094 1783 2180 1836 Mi-
2200 1792 2202 1794 '

1603 1839 1756 1877 randum
1773 1847 1884 1886 esset,
1903 1839 1935 1876 si
1954 1851 2028 1877 non
2046 1846 2089 1876 tu
2102 1850 2180 1876 ser-

1602 1904 1755 1930 vaservo
1763 1891 1873 1930 fidem
1886 1890 2052 1930 haberes.
2071 1889 2180 1934 Quid

1602 1958 1712 1997 agam,
1737 1947 1898 1983 incertus
1918 1958 2014 1983 sum.
2068 1942 2178 1982 Heus

1601 2007 1657 2044 tu,
1690 2007 1824 2050 negato
1848 2010 2014 2050 rursum?
2045 1996 2179 2047 jubeo.

1600 2049 1663 2088 An
1698 2064 1775 2089 non
1809 2052 1965 2103 possum
1990 2049 2101 2088 hodie
2126 2046 2180 2087 ei<

1599 2112 1639 2141 te
1674 2117 1800 2142 verum
1830 2102 2062 2156 exprimere?
2108 2099 2181 2141 Vi-

1600 2157 1736 2194 distine
1770 2156 1919 2195 fratrem
1949 2154 2140 2194 Chaeream
2157 2155 2178 2193 2
2243 2193 2244 2200 ,

1603 2210 1677 2247 Do.
1699 2208 1788 2247 Non
1806 2210 1892 2248 vid-i.
1919 2206 2094 2248 Ph1.„Non
2108 2219 2180 2259 po-

1602 2272 1677 2300 test
1706 2264 1787 2300 sine
1822 2263 2013 2300 tormentis
2043 2262 2181 2299 verita-

1576 2325 1679 2357 ,tem
1721 2314 1850 2354 fateri:
1897 2327 2047 2366 sequere
2080 2312 2151 2352 hac
2164 2325 2177 2352 t

1603 2368 1714 2406 modo
1745 2377 1943 2414 asseverat3
1971 2367 2083 2405 modo
2109 2379 2181 2404 ne-

1602 2429 1678 2473 gat.
1730 2419 1807 2459 Ora
1839 2434 1916 2467 me,
1954 2429 1992 2458 et
2025 2431 2178 2470 poenam

1602 2475 1806 2525 deprecare.
1877 2475 1952 2512 Do.
1985 2470 2055 2510 Per
2088 2471 2181 2510 deos

1601 2527 1686 2565 vero
1704 2527 1772 2565 tibi
1795 2526 1978 2579 supplico,
1994 2523 2181 2564 Phaedria.

1602 2581 1673 2618 Ph.
1701 2581 1862 2618 introito.
1889 2579 1964 2617 Do.
1990 2576 2085 2624 Hui,
2099 2575 2182 2616 hei.

1602 2634 1673 2671 ΡΙι.
1709 2630 1798 2677 Alio
1827 2631 1956 2679 modo,
1998 2631 2070 2670 nisi
2109 2640 2179 2682 pel?

1602 2684 1698 2723 hanc
1715 2685 1910 2730 fallaciam,
1928 2697 2004 2722 non
2049 2694 2177 2721 ossum

1602 2751 1650 2776 ex
1677 2737 1746 2776 hac
1775 2737 1995 2784 difficultate
2046 2735 2179 2775 oneste

1603 2791 1772 2829 evadere:
1801 2791 1939 2829 etenim
1954 2798 2077 2828 aetum
2095 2798 2152 2827 est
2162 2805 2180 2839 3

1597 2844 1722 2882 vitiata
1754 2853 1812 2882 est
1848 2844 1954 2895 virgo
1990 2843 2015 2883 ὲ
2048 2842 2178 2891 fram,

1598 2904 1642 2934 tu
1671 2909 1733 2934 me
1767 2894 1831 2934 hic
1865 2898 1976 2936 etiam
2006 2895 2178 2935 tenebrio

1598 2949 1704 2986 ludos
1746 2947 1886 2988 facies?
1940 2949 2015 3000 Py.
2060 2947 2174 2987 Hane

1596 3000 1763 3053 fraudem
1790 3001 1924 3041 factam
1950 3014 2029 3039 esse
2045 3002 2068 3041 ὲ
2086 3001 2178 3041 Par-

1597 3067 1758 3094 menone
1809 3062 1886 3092 tam
1939 3055 2040 3093 certo
2081 3056 2181 3104 seio,

1598 3107 1707 3158 quam
1722 3120 1783 3146 me
1797 3120 1897 3146 nunc
1917 3107 2052 3146 vivere.
2080 3108 2179 3148 Dor.

1597 3159 1663 3198 Sic
1679 3169 1748 3198 est.
1800 3160 1873 3211 Py.
1897 3157 1967 3198 Per
1983 3157 2176 3200 Pollucem

1597 3213 1778 3251 inveniam
1820 3211 1932 3250 hodie
1974 3212 2176 3262 rationem,

1587 3266 1678 3303 des?
1715 3265 1814 3303 Dor.
1844 3263 1910 3303 De
1926 3264 1996 3303 ista
2013 3266 2174 3318 virgine,

122 3329 276 3368 nempe,
293 3316 486 3355 consilium
503 3319 662 3369 quaeris?
690 3317 849 3372 Py.lta,
866 3322 989 3358 utrum
1006 3318 1132 3357 sileam
1151 3317 1248 3369 quod
1263 3318 1400 3356 iactum
1418 3327 1488 3364 est,
1507 3331 1554 3356 an
1569 3319 1687 3356 dicam
1703 3318 1718 3355 ?
1741 3317 1843 3355 Dor.
1859 3315 1921 3355 Tu
1938 3317 2015 3369 pol,
2033 3319 2062 3356 si
2084 3331 2174 3370 pru·
2201 3359 2204 3363 ,

121 3369 214 3407 dens
232 3382 286 3416 es,
311 3368 499 3408 dissimula
522 3378 560 3408 te
584 3371 622 3409 id
648 3371 755 3418 scire,
782 3372 886 3422 quasi
915 3372 1105 3414 nescierim
1135 3384 1255 3422 neque
1274 3370 1319 3408 de
1337 3369 1525 3417 eunucho,
1547 3383 1667 3420 neque
1694 3370 1739 3407 de
1758 3378 1885 3422 stupro
1902 3369 2034 3423 virgini
2051 3370 2173 3425 illato,

122 3423 323 3476 quidquam
337 3420 484 3471 efferim
510 3421 583 3463 hoc
600 3424 712 3462 modo
728 3432 768 3463 te
785 3425 887 3463 omni
904 3424 1069 3464 tumultu
1087 3423 1272 3471 liberabis,
1289 3431 1328 3460 et
1347 3423 1479 3476 virgini
1495 3434 1641 3476 gratum
1660 3421 1786 3462 facies.
2126 3427 2129 3435 “

980 3565 1311 3607 ANNOEATIO.

140 3690 147 3698 ⁸
175 3686 227 3722 56
252 3681 382 3724 Etiuz·
403 3686 555 3734 gratum
569 3679 733 3736 jeceris]
787 3678 904 3737 Virgo
933 3682 1036 3727 enim
1063 3682 1114 3722 sio
1141 3680 1242 3724 dolet
1269 3681 1318 3724 ob
1348 3681 1520 3735 injuriam
1548 3683 1620 3726 sibi
1650 3683 1815 3748 illatamg
1838 3691 1879 3727 ut
1908 3684 2062 3739 ipsamet
2086 3698 2171 3728 eam

120 3729 231 3776 celet.

1961 464 1987 503 J
1991 479 2048 503 am
2088 469 2178 506 satis
2247 464 2256 472 ‘
