2340 3964
181 168 295 234 70'

179 311 251 351 Pa.
269 308 385 349 Hunc
402 311 534 363 ipsum.
573 309 640 349 Ch.
661 308 750 348 Icti-

180 363 252 404 bus
274 362 391 402 homo
417 365 515 401 certe
541 364 752 400 extrudetur

181 428 268 454 cum
281 416 379 454 dono
391 415 499 453 foras.
543 413 618 452 Sed
635 413 752 453 adhuc

183 469 344 520 ignoravi
372 469 478 505 istam
503 465 682 505 Thaidem
713 467 754 503 in

182 520 322 560 vieini&
335 518 514 559 habitare.
539 541 543 550 ι
563 519 633 569 Ρα.
664 516 755 556 Νοῐι

184 572 249 611 diu
264 584 333 618 est,
348 585 393 610 ex
409 585 482 622 quo
500 569 651 609 habitat.
687 570 756 608 Ch.

187 623 339 663 Occidi:
376 629 612 673 nunquamne
644 624 756 660 etiam

186 690 250 715 vme
283 676 381 713 illam
412 675 447 712 Τ
448 675 591 714 haidem
626 675 756 721 vidisse

187 729 376 780 oportuit?
399 727 530 774 Estne,
546 737 586 765 ut
598 728 759 773 tradunt,

187 779 306 820 forma
331 789 406 818 tam
432 779 589 818 honesta
617 791 654 826 et
685 779 760 816 eie-

185 834 317 885 ganti?
366 834 434 870 Pa.
453 831 564 870 Certe
581 839 650 869 est.
692 831 762 870 Clz.

188 885 246 925 At
257 883 359 924 ,nihil
377 894 447 930 est,
475 886 506 922 si
528 898 612 926 cum
641 884 763 921 nostra

189 946 433 988 comparetur.
499 937 568 975 Pa.
607 935 765 974 Diversa

187 1000 249 1028 res
262 998 340 1028 est:
361 1000 514 1040 utraque
528 987 683 1040 pulchra
693 998 763 1035 est,

189 1041 255 1080 sed
273 1043 425 1083 diyersae
451 1050 540 1082 stult
565 1040 765 1079 formarum

187 1095 345 1145 species.
401 1094 470 1133 Ch.
503 1093 628 1135 Etiam
654 1102 764 1144 atque

188 1148 306 1187 etiam
322 1156 361 1184 te
373 1145 448 1184 'oro
466 1159 529 1197 pet
546 1147 648 1192 deos,
674 1144 762 1183 Par-

190 1213 317 1245 meno,
332 1199 388 1249 fac
405 1208 448 1236 ut
467 1199 511 1236 ea
526 1198 637 1236 fruar.
690 1198 761 1236 Pa.

191 1251 363 1290 conabor
377 1252 479 1289 omni
490 1251 627 1297 studio,
641 1251 763 1288 omni-

190 1303 262 1352 bus
277 1304 414 1342 viribus
427 1304 497 1341 tibi
510 1303 637 1341 adero:
666 1316 763 1342 nun·

192 1357 282 1407 quid
312 1357 413 1394 aliud
441 1357 504 1394 me
533 1356 586 1392 vis
615 1354 760 1392 facere?

193 1409 268 1455 ch.
288 1406 378 1453 Quo
392 1422 491 1446 nunc
511 1408 566 1446 is?
596 1408 666 1446 Pa.
683 1406 767 1445 Do-

192 1474 299 1509 mum
322 1474 382 1507 eo,
400 1470 445 1498 ut
468 1460 652 1511 mancipia
668 1458 766 1506 haec,

195 1512 412 1561 eunuchum
431 1522 468 1550 et
485 1511 768 1563 AEthiopissam,

194 1567 371 1613 deducam
391 1565 435 1605 ad
446 1563 642 1611 Thaidem,
659 1565 710 1603 ita
727 1573 770 1602 ut

195 1627 283 1665 tuus
313 1618 423 1656 frater
446 1618 570 1668 jussit.
635 1616 706 1656 Ch.
733 1615 770 1655 Ο

194 1670 344 1710 felicem
389 1671 500 1715 istum
539 1668 769 1715 eunuchum,

197 1724 264 1775 qui
294 1723 442 1773 quidem
470 1723 588 1767 datur,
617 1730 660 1760 ut
678 1722 729 1760 sit
749 1722 771 1759 ὲ

198 1776 339 1816 familia
377 1777 456 1825 ejus
489 1775 646 1812 domus!
699 1775 771 1813 Pa.

195 1827 304 1872 ,Quid
330 1829 407 1866 ita?
466 1828 536 1866 Ch.
574 1826 772 1870 Quaerisne

196 1879 300 1929 hoc?
323 1879 531 1918 Excellenti
545 1880 668 1930 specie
683 1892 772 1917 con-

201 1946 342 1972 servam
358 1946 503 1984 semper
515 1931 693 1984 spectabit
707 1933 772 1969 do-

199 1987 280 2024 mi:
309 1985 490 2035 colloquia
506 1998 589 2023 cum
618 1983 681 2022 illa
707 1982 773 2023 ha-

197 2031 326 2086 bebit:
377 2038 581 2076 versabitur
615 2036 691 2075 una
730 2037 771 2074 in
849 2031 853 2035 ’

200 2091 286 2140 unis
312 2090 472 2128 aedibus:
513 2089 682 2128 comedet
705 2088 772 2126 ali-

201 2142 349 2194 quando
379 2156 464 2181 cum
494 2141 560 2181 θὲς
588 2140 771 2179 interdum

200 2208 318 2248 prope
344 2208 422 2232 eam
450 2207 619 2237 somnum
638 2195 771 2245 capiet.

199 2250 273 2288 Pa.
301 2245 405 2290 Quid
425 2249 455 2285 si
479 2257 521 2284 tu
549 2247 627 2298 ipse
644 2247 774 2289 eodem

203 2301 314 2339 modo
331 2300 459 2339 beatus
476 2300 566 2339 fias?
599 2298 669 2338 Ch.
687 2297 776 2341 Qua

202 2354 359 2399 ratione,
409 2350 590 2390 Parmeno
598 2352 612 2390 ?
699 2350 776 2389 Re-

203 2405 357 2457 sponde.
385 2405 454 2445 Pa.
471 2402 513 2442 Si
529 2414 569 2442 tu
581 2404 777 2442 vestimen-

204 2467 287 2496 tum
316 2458 419 2496 istius
450 2455 612 2495 eunuchi
641 2469 683 2494 ca
710 2457 774 2494 ias.

207 2510 281 2550 Ch.
323 2508 626 2548 Vestimentum-?
716 2509 777 2547 uid

205 2564 293 2602 inde
310 2571 440 2613 postea
457 2561 675 2613 continget?
706 2562 776 2598 Pa.

204 2613 278 2662 Pro
310 2615 372 2652 illo
405 2623 456 2662 te,
479 2615 708 2652 introducam
738 2613 775 2650 in

206 2668 303 2705 aedes
329 2666 494 2705 Thaidis.
552 2666 620 2705 Ch.
643 2666 777 2704 Audio.

209 2720 280 2766 Pa.
308 2719 364 2756 Te
401 2732 479 2756 esse
510 2718 615 2756 illum
645 2719 777 2756 dicam.

209 2771 280 2811 Ch.
300 2770 489 2822 Intelligo.
544 2772 614 2809 Ρα.
630 2769 691 2808 Tu
705 2771 778 2808 illis

207 2824 358 2876 potiaris
375 2823 627 2868 felicitatibus,
644 2823 777 2874 quibus

209 2887 253 2916 tu
275 2876 379 2914 illum
404 2876 526 2913 aiebas
554 2876 663 2913 modo
681 2877 779 2927 poti-

212 2939 335 2967 turum
352 2943 360 2965 z
389 2929 424 2965 ei
443 2928 703 2974 convictorsis,
718 2928 781 2965 ad-

211 2992 302 3028 stes,
321 2979 650 3032 tangas,'colludas,
665 2981 703 3018 in
717 2993 781 3018 eo-

212 3034 296 3072 dem
312 3033 420 3081 ,lecto
444 3033 578 3071 cubes.:
617 3033 781 3082 quando·

212 3086 363 3138 quidem
387 3086 436 3122 ‘ex
462 3085 533 3122 illis
560 3085 623 3134 qui
649 3085 687 3121 in
710 3083 780 3122 hae

213 3139 326 3177 domo
343 3146 444 3184 sunt,
459 3137 581 3175 nullus
594 3145 631 3174 te
646 3150 782 3189 cogno·

737 169 795 225 P.
831 167 1175 227 TERENTH
1209 140 1633 230 EnNucn'us.

804 311 905 362 Pa.
940 309 1112 362 Istunc
1135 311 1335 380 ipsum..
1371 312 1466 368 Ch.
1491 315 1647 370 homo
1663 315 1919 387 quatietur
1937 320 2071 372 certe
2095 335 2214 373 mm

947 380 1079 432 dono
1101 384 1245 434 foras,
1547 439 1550 443 ,
1836 391 1988 458 [haud
2012 391 2100 442 diu
2124 400 2212 444 est.

809 450 911 501 Sed
935 451 1079 503 istam
1089 453 1348 505 Thaidem
1372 472 1472 506 non
1497 451 1619 525 scivi
1643 458 1785 512 n‘obis
1804 461 2038 514 vicinam.
2111 463 2223 514 Pa.

814 518 907 573 Ch.
946 520 1107 574 Periit
1161 541 1486 593 nunquamne
1522 525 1674 578 etiam
1713 546 1796 580 me
1833 531 1973 584 illam
2009 531 2215 584 vidisse?

951 591 1172 644 ehodum
1196 594 1277 650 dic
1305 595 1449 658 mihi,
1727 635 1734 645 .

810 661 984 726 Estne,
1010 672 1064 725 ut
1087 666 1255 728 fertur,
1277 666 1467 716 forma?
1523 667 1622 730 Ρᾳ,
1648 671 1780 719 sane.
1821 667 1910 725 Ch.
1935 681 1987 723 at
2009 672 2137 724 nihil
2155 672 2219 724 ad

903 778 905 785 Α
953 744 1171 787 nostram
1193 736 1344 787 hanc.
1420 735 1523 790 Pa.
1550 737 1648 788 alia
1671 756 1746 789 res
1768 750 1855 793 est.
1969 769 1989 788 ‹-

819 800 911 854 Ch.
947 805 1171 856 Obsecro
1211 811 1260 856 te
1301 806 1486 870 hercle,
1524 808 1786 873 ParmenO,
1824 811 1906 862 fac
1947 809 2220 881 ut‘potiar.

963 873 1069 927 Pa.
1105 876 1286 928 faciam
1305 878 1494 941 sedulo,
1517 895 1578 928 ac
1920 927 1923 930 .
2151 887 2223 946 71)

815 946 965 998 Dabo
994 964 1216 1015 operam,
1251 947 1524 1016 adjuvabo:
1562 949 1790 1018 nunquid
1826 968 1911 1004 me
1944 952 2080 1006 atiud
2113 954 2222 1004 visi>

953 1015 1054 1068 Ch.
1079 1019 1177 1086 quo
1197 1020 1332 1068 nunc
1353 1018 1392 1069 is
1409 1020 1449 1069 ?'
1470 1018 1575 1071 Pa.
1614 1020 1840 1086 domum,
1935 1022 2223 1089 [Thaidem.

819 1087 892 1138 Ut
917 1089 1170 1157 mancipia
1194 1089 1320 1153 haec,
1351 1088 1421 1140 ita
1453 1100 1510 1140 ut
1526 1089 1671 1159 jussit
1701 1092 1865 1157 frater,
1893 1093 2137 1145 deducam
2155 1095 2226 1146 ad
2272 1095 2277 1102 “

819 1156 908 1210 Ch.
947 1158 995 1208 O
1019 1159 1324 1211 fortunatum
1363 1161 1512 1210 istum
1549 1161 1856 1227 eunuchum,
1893 1162 1981 1232 qui
2014 1163 2220 1232 quidem

957 1228 1008 1279 in
1035 1230 1166 1281 hanc
1190 1230 1335 1281 detur
1358 1230 1565 1282 domum
1585 1231 1596 1282 !
1756 1233 2062 1301 [conservam
2088 1235 2227 1286 domi

818 1298 923 1350 Pa.
950 1299 1090 1354 Quid
1113 1301 1212 1352 ita?
1256 1299 1349 1353 Ch.
1375 1301 1589 1369 rogitas?
1629 1304 1827 1354 summa
1851 1306 2010 1362 form&
2031 1323 2229 1374 semper

815 1369 1035 1434 Videbit,
1054 1374 1396 1440 conloquetur‚
1415 1373 1573 1424 aderit
1588 1377 1691 1424 una
1704 1373 1760 1424 in
1777 1375 1889 1426 unis
1900 1375 2116 1438 aedibus,
2156 1378 2224 1438 75

820 1439 1004 1492 Cibum
1048 1460 1413 1511 nonnunquam
1459 1443 1622 1512 capiet
1667 1462 1784 1496 cum
1831 1449 1921 1508 θὲς
1977 1446 2229 1498 interdum

960 1515 1160 1580 propter
1182 1513 1410 1565 dormiet.
1521 1522 1524 1527 '
1727 1519 1728 1523 ’
1926 1515 2191 1583 [Parmeno
2204 1517 2226 1567 ’ἒ

825 1581 931 1634 Pa.
957 1583 1095 1638 Quid
1118 1583 1160 1635 si
1185 1602 1321 1635 nunc
1341 1593 1447 1634 tute
1471 1585 1746 1636 fortunatus
1765 1583 1885 1636 fias?
1926 1583 2023 1639 Ch.
2036 1589 2141 1654 qua
2162 1605 2232 1652 re,

823 1653 1108 1723 Responde.
1183 1653 1288 1706 Pa.
1327 1655 1490 1723 capias
1510 1665 1565 1706 tu
1589 1656 1713 1707 illiu'
1738 1665 1941 1708 vestem.
2021 1654 2113 1709 Ch.
2145 1674 2233 1708 vc·-

963 1726 1126 1776 stem?
1165 1725 1304 1781 Quid
1327 1735 1434 1776 tum
1460 1737 1627 1794 postea
1649 1728 1666 1778 ?
1751 1739 1754 1741 ’
2198 1737 2201 1739 ’

827 1795 935 1848 Ρα.
971 1794 1070 1847 Pro
1087 1795 1175 1848 illo
1195 1806 1247 1847 te
1269 1797 1534 1865 deducam.
1593 1796 1682 1851 Ch.
1708 1797 1875 1849 audiO.
1905 1796 2107 1850 Ῥα.-τε
2127 1814 2235 1850 esse

963 1865 1110 1917 illum
1136 1867 1320 1919 dicam.
1399 1865 1495 1920 Ch.
1531 1869 1776 1936 intelligo,
1978 1869 1985 1874 ”
2162 1870 2234 1932 79

827 1936 933 1988 Ρα.
969 1937 1050 1988 Tu
1075 1937 1172 1989 illis
1196 1938 1357 1989 fruare
1382 1939 1676 2005 commodiS,
1701 1939 1879 2008 quibus
1902 1948 1958 1990 tu
1982 1939 2129 1991 ilium
2157 1939 2244 2007 di<

965 2009 1111 2059 cebas
1135 2007 1314 2059 modo:
1418 2007 1421 2011 ’
2059 2009 2236 2079 [mimz

824 2077 1009 2130 Cibum
1033 2080 1135 2129 una
1153 2078 1334 2146 capiaS‚
1352 2078 1498 2143 adsiS,
1515 2088 1708 2147 tangaS,
1726 2080 1885 2142 ludaS,
1902 2082 2106 2149 propter
2123 2080 2237 2132 dor-

824 2149 1246 2218 Quandoquidcm
1285 2149 1483 2200 illarum
1519 2169 1684 2220 neque
1707 2161 1758 2201 te
1783 2151 2048 2220 quisquam
2085 2151 2240 2216 novit,

967 2226 1132 2288 nequ‘e
1151 2220 1247 2270 scit
1270 2220 1356 2289 qui
1379 2220 1490 2271 sies,

826 2290 1071 2342 Praeterea
1094 2292 1271 2354 forma,
1294 2301 1414 2342 aetas
1432 2291 1537 2360 ipsa
1556 2300 1644 2357 est,
1663 2292 1811 2343 facile
1828 2301 1886 2343 ut
1902 2299 1954 2343 te
1970 2309 2062 2362 pro
2079 2309 2240 2344 eunu-

971 2361 1068 2412 cho
1090 2363 1283 2430 probes,
1987 2364 2094 2432 [um
2121 2362 2244 2415 dari.

834 2430 931 2485 Ch.
966 2430 1157 2483 Dixisti
1179 2433 1382 2500 pulcre:
1426 2450 1684 2501 nunquam
1709 2432 1811 2484 vidi
1835 2432 2242 2490 meliusconsili-

828 2503 940 2570 Age
965 2520 1135 2553 eamus
1160 2501 1292 2554 intro
1315 2522 1326 2555 :
1375 2521 1511 2554 nunc
1530 2502 1634 2573 jam
1661 2521 1781 2554 orna
1803 2521 1904 2568 me,
1924 2505 2106 2568 abdue,
2128 2503 2245 2568 duc,

971 2583 1217 2641 quantum
1241 2585 1397 2640 potes.
2170 2578 2240 2626 85

835 2643 941 2694 Pa.
968 2643 1106 2699 Quid
1131 2643 1269 2711 agis?
1301 2643 1506 2712 jocabar
1524 2644 1774 2714 equidem.
1812 2642 1913 2698 Ch.
1930 2643 2099 2713 garris-
2136 2642 2264 2703 Pa..

973 2714 1123 2782 perii,·
1137 2715 1269 2783 quod
1295 2734 1388 2783 ego
1413 2715 1495 2783 egi
1513 2716 1695 2767 miser?
1964 2714 2246 2783 [emmane.

831 2784 952 2839 Quo
973 2785 1157 2836 trudis?
1185 2786 1454 2853 perculeris
1466 2785 1573 2855 jam
1591 2796 1648 2836 tu
1667 2803 1778 2850 me3
1802 2785 1895 2839 tibi
1914 2784 2148 2855 equidem
2164 2785 2244 2837 di·

837 2854 930 2921 Cla.
949 2856 1155 2906 Eamus.
1185 2855 1290 2907 Pa.
1309 2857 1530 2924 pergin'?
1564 2855 1868 2910 Ch.'certum
1885 2865 1973 2907 est.
1996 2853 2103 2907 Pa.
2118 2854 2249 2925 vide⁸

976 2943 1039 2976 ne
1065 2926 1280 2978 nimium
1306 2927 1523 2981 calidum
1551 2928 1649 2978 hoc
1673 2927 1736 2977 sit
1758 2926 1928 2978 modo.

839 2995 935 3050 Ch.
960 2995 1080 3048 Non
1104 3006 1177 3047 est
1194 2999 1440 3065 profecto:
1478 2998 1601 3050 sine.
1664 2996 1772 3051 Pa.
1795 3006 1848 3047 at
1868 2996 2009 3049 enim
2031 2994 2169 3048 istaec
2193 2994 2252 3059 in

932 3099 934 3105 ι
975 3084 1058 3118 me
1082 3067 1292 3119 cudetur
1316 3069 1459 3123 faba:
1495 3068 1562 3121 ah
2206 3066 2211 3070 ’

214 3192 302 3236 scit,
322 3203 441 3241 neque
459 3191 541 3234 soit,
561 3190 624 3240 qui
639 3189 701 3226 sis.
735 3187 916 3227 Praeterea
927 3201 973 3237 ea
984 3187 1100 3226 forma
1116 3190 1237 3227 vultfls
1248 3191 1285 3227 in
1306 3199 1342 3227 te
1356 3199 1425 3237 est,
1441 3203 1483 3227 ca
1497 3197 1599 3236 netu,
1609 3198 1653 3227 ut
1671 3188 1884 3230 eunuchum
1900 3196 1939 3226 te
1957 3201 2035 3227 esse
2048 3186 2155 3230 facile
2167 3201 2249 3241 per·
2324 3186 2327 3189 ’

213 3244 375 3281 suadeas.
434 3241 503 3280 Ch.
522 3240 625 3279 Belle
643 3241 788 3279 dixisti:
819 3255 1005 3291 nunquam
1024 3242 1261 3279 animadverti
1285 3243 1410 3281 utilius
1429 3242 1623 3280 consilium
1641 3242 1732 3280 dari.
1783 3243 1868 3295 Age
1883 3241 2147 3279 introdomum
2165 3254 2249 3281 nos·

214 3306 310 3334 tram
332 3308 477 3332 eamus:
507 3307 605 3332 nunc
623 3294 702 3343 jam
720 3308 779 3331 me
797 3295 944 3339 adorna,
961 3293 1092 3338 abduc,
1116 3293 1186 3330 duc
1205 3295 1281 3343 quo
1303 3295 1418 3339 voles,
1437 3294 1548 3344 quem
1566 3294 1640 3331 citt>
1655 3304 1775 3346 potes.
1826 3295 1897 3335 Pa.
1923 3292 2027 3336 Quid
2050 3293 2156 3345 egis?
2183 3306 2249 3345 pu·
2307 3298 2310 3301 ⁴

211 3348 339 3397 jocum
357 3346 436 3385 haec
455 3347 602 3397 quidem
619 3346 796 3384 dicebam.
859 3345 927 3385 Ch.
956 3344 1059 3383 Vana
1074 3345 1246 3396 loqueris.
1300 3347 1369 3384 Pa.
1397 3345 1513 3383 Perii:

214 3401 336 3450 pulsas
355 3410 429 3437 tam
446 3399 644 3437 violenter?
674 3399 788 3449 prope
801 3407 867 3444 est,
887 3408 929 3435 ut
947 3410 1005 3434 me
1024 3407 1248 3448 prosternam
1274 3399 1343 3436 tibi
1359 3399 1530 3449 equidem

1541 3346 1631 3437 quid
1647 3359 1718 3398 ego
1734 3348 1844 3387 miser
1865 3345 1965 3384 feci?
1994 3345 2070 3397 quo
2087 3357 2147 3383 me
2207 3358 2251 3383 ou

1569 3399 1576 3407 ·
1965 3406 2041 3449 pto.
2072 3396 2143 3436 Ch.

1584 3412 1642 3446 co,
1657 3399 1802 3437 abstine
1819 3399 1865 3437 ab
1881 3399 1965 3436 ince

191 3477 196 3489 ,
215 3464 318 3502 pera,
334 3465 469 3489 eamus-
522 3451 591 3489 Pa.
615 3449 789 3502 Pergisne
807 3463 865 3488 me
881 3450 1053 3487 trudere?
1087 3474 1089 3476 -
1114 3451 1184 3489 Ch.
1213 3449 1294 3487 Stat
1315 3451 1501 3488 sententia
1516 3460 1583 3489 tuo
1603 3454 1660 3490 uti
1681 3451 1850 3489 consilio.
1902 3451 1973 3489 Pa.
2000 3448 2096 3488 Vide
2111 3462 2160 3486 ne
2179 3448 2250 3487 hoo

215 3505 405 3555 inceptum
430 3504 478 3541 sit
506 3517 604 3540 nunc
622 3517 909 3554 praeproperum.
967 3502 1035 3539 Ch.
1063 3500 1154 3539 Non
1173 3511 1229 3539 est
1247 3504 1352 3540 sane:
1383 3505 1476 3550 sine,
1503 3516 1571 3543 nec
1598 3517 1658 3541 me
1687 3502 1843 3542 retrahe.
1885 3503 1968 3542 Pa.
1993 3501 2049 3541 At
2072 3503 2143 3541 ista
2166 3500 2249 3540 faba

214 3569 325 3607 super
339 3565 448 3607 caput
464 3569 587 3594 meum
606 3564 837 3602 contemtui-3
867 3554 977 3604 hujus
997 3553 1082 3591 facti
1103 3555 1211 3604 culpa
1229 3554 1320 3591 mihi
1340 3555 1597 3606 imputabitur:
1626 3555 1675 3594 ah
2203 3547 2209 3558 ’

1067 3606 1139 3644 ΑΝ
1148 3605 1398 3646 ΝΟΤΑΤΙΟ.
1608 3622 1615 3628 ·

272 3669 321 3701 89
341 3661 444 3698 Istaec
458 3662 496 3698 in
510 3673 566 3698 me
582 3661 730 3698 cudetur
729 3658 858 3709 βψω]
890 3654 1004 3696 Id‘est
1016 3659 1206 3696 tundetur.
1259 3669 1331 3699 tur.
1396 3659 1539 3698 Cudere
1566 3659 1687 3701 fabam
1711 3668 1770 3698 est
1795 3659 2030 3711 proverbium
2059 3657 2083 3701 ὲ
2105 3656 2252 3702 rustici·

219 3711 317 3750 Nam
347 3715 469 3751 cudere
494 3722 550 3750 est
575 3712 695 3749 ferire.
747 3712 842 3750 Cudi
868 3713 1024 3763 pecunia
1054 3711 1203 3755 dicitur,
1256 3711 1407 3762 sabasia
1425 3712 1510 3757 (παὶ
1524 3711 1622 3757 fuste
1639 3711 1894 3761 tundentjbm,
2006 3732 2018 3740 ν

217 3766 303 3807 eam
324 3767 470 3820 signum
490 3765 665 3821 principis
681 3763 736 3805 vel
753 3764 965 3822 reipublicae
978 3765 1013 3803 ei
1024 3764 1203 3821 imprimi-
