2314 3944
140 154 246 202 118

138 302 198 340 tu,
225 292 375 346 propter
401 305 511 344 quam
539 293 645 331 amisi
664 292 717 330 fa-

140 359 257 393 mam,
276 355 314 384 et
325 346 447 383 minus
461 346 718 397 obtemperans

139 398 196 437 fui
228 399 409 438 voluntati
445 399 571 449 patris,
613 398 717 448 cujus

140 452 251 490 causa
269 465 369 490 nunc
387 451 525 503 pudore
545 458 582 487 et
609 451 718 488 mise-

139 505 282 542 ratione
299 503 536 542 vehementer
555 516 720 541 commo-

141 570 244 604 veor,
266 558 330 606 qui
358 556 573 606 frequenter
595 555 721 607 cuipa-

140 609 206 648 bat
232 609 325 647 mihi
350 621 469 646 mores
492 607 624 647 harum
643 621 722 646 me-

142 663 338 700 retricum:
368 662 466 699 itane
493 670 564 708 est,
593 670 634 700 ut
660 658 719 699 me

124 714 273 752 frustis.
292 715 494 761 monuerit,
513 727 582 752 nec
610 723 720 767 potu-

140 770 212 806 erit
243 781 408 817 unquam
449 780 510 806 me
539 767 719 807 abducere

141 821 188 858 ab
215 819 327 870 hujus
346 818 551 871 Antiphila*
568 822 717 859 amore?

141 872 323 915 Attamen
338 887 438 912 nunc
452 873 497 911 ab
510 873 553 911 ez‘i
567 887 625 911 me
637 874 722 912 abs-

142 927 309 973 traham,
299 943 307 952 ·
338 928 403 978 qui
422 935 513 965 tunc
545 928 630 965 cum
649 927 720 964 mi-

140 978 183 1019 hi
213 980 324 1031 patris
354 980 508 1031 gratiam
526 979 721 1018 conciliare

143 1034 267 1085 potui,
288 1047 367 1070 eam
387 1033 448 1070 reli
443 1046 591 1083 inquere
606 1033 721 1071 nolui.

142 1085 271 1125 Nemo
306 1087 396 1123 vivit
429 1099 490 1123 me
526 1084 721 1124 infelicior.

95 1146 102 1150 ’
141 1140 212 1192 Sy.
235 1138 310 1178 Hic
323 1138 446 1176 Clinia
462 1149 558 1177 errat
572 1149 722 1190 propter

142 1193 269 1240 verba,
301 1206 385 1241 quae
412 1191 476 1230 hic
511 1192 627 1230 locuti
660 1205 721 1228 su—

143 1260 239 1284 mus.
294 1244 330 1283 Ο
349 1243 490 1284 Clinia!
519 1245 563 1283 de
577 1256 640 1282 tuo
656 1245 720 1282 ali-

143 1308 202 1337 ter
213 1297 357 1349 judicas
372 1312 510 1345 amore,
535 1312 584 1348 qu
576 1300 647 1335 rim
671 1312 722 1335 ae-

143 1365 261 1404 quum
289 1361 358 1390 est.
400 1350 499 1389 Nam
519 1352 648 1389 modus
668 1353 722 1389 vi-

143 1405 253 1442 venli
301 1403 411 1466 hujus
453 1404 588 1455 puellae
624 1404 722 1442 idem

142 1467 216 1504 est,
235 1468 274 1496 et
290 1459 432 1496 animus
450 1458 529 1507 ejus
545 1458 642 1495 idem
665 1468 722 1497 est

143 1525 231 1560 erga
253 1523 301 1557 te,
327 1524 368 1548 ac
390 1511 489 1562 prius
505 1509 592 1556 fuit,
606 1524 722 1559 quan-

142 1566 227 1603 tum
248 1578 294 1602 ex
313 1563 391 1626 ipsa
420 1577 459 1601 re
491 1564 724 1613 conjiciendo

142 1619 237 1657 scire
255 1619 453 1668 potuimus:
485 1616 559 1657 Cli.
583 1614 724 1658 Quaeso

143 1670 235 1721 quid
254 1678 310 1710 est
328 1670 427 1720 quod
453 1669 570 1708 dicis?
613 1667 726 1708 Nihil

141 1724 244 1760 enim
263 1731 318 1762 est
346 1736 393 1760 ex
411 1723 583 1761 omnibus
600 1722 724 1769 rebus,

146 1776 248 1827 quod
267 1775 359 1814 mihi
373 1777 513 1828 gratius
527 1776 592 1822 sit,
602 1775 723 1837 'quem

145 1842 208 1867 me
243 1831 283 1867 in
314 1829 439 1867 falsam
476 1829 738 1879 suspicionem.

142 1883 297 1921 venisse.
351 1883 420 1933 Sy.
445 1880 635 1943 Imprimis
654 1880 726 1919 hoc

146 1945 185 1975 te
205 1936 298 1975 scire
318 1935 440 1979 velim,
463 1947 510 1972 ne
528 1936 726 1985 quicquam

145 2001 270 2029 rerum
303 1987 512 2039 Antiphilae
553 1989 723 2040 ignores:

144 2042 271 2079 vetula
288 2041 351 2079 illa
369 2041 515 2087 mulier,
530 2054 614 2091 quae
638 2050 725 2079 ante

147 2092 223 2133 hoc
242 2103 390 2146 tempus
408 2094 546 2131 credita
564 2102 621 2131 est
647 2094 725 2144 ejus

147 2157 283 2194 mater,
304 2162 380 2185 non
410 2146 508 2184 fuit:
535 2159 578 2184 ea
605 2146 726 2184 vetula

147 2210 298 2239 mortua
332 2210 411 2237 est:
454 2199 525 2238 hoc
568 2201 728 2237 inaudivi

149 2253 257 2299 forte,
300 2254 387 2290 dum
413 2254 491 2304 ipsa
530 2251 729 2304 Antiphila

149 2307 190 2345 id
207 2306 337 2344 retulit
351 2308 387 2344 in
408 2307 466 2344 vi&
477 2306 583 2344 alteri
606 2305 729 2344 foemi-

150 2373 225 2398 nae.
271 2359 344 2398 Cli.
371 2358 556 2402 Quaenam
575 2367 630 2396 est
647 2357 728 2396 haec

150 2413 281 2459 altera,
313 2413 372 2450 cui
409 2413 501 2451 dicis
537 2425 617 2450 eam
656 2410 727 2450 hoc

149 2466 329 2504 narrssse.
356 2466 426 2517 83].
442 2461 599 2502 Desine¹
614 2466 730 2503 inter-

151 2532 302 2571 rogare3
332 2527 370 2556 et
398 2520 479 2555 sine
509 2518 612 2569 prius
636 2519 730 2556 reci-

152 2580 234 2610 tem
251 2571 324 2610 hoc
342 2572 443 2621 quod
460 2571 558 2622 coepi
584 2571 728 2610 dicere:

152 2625 200 2662 ad
219 2625 256 2662 id
269 2625 367 2675 quod
383 2625 517 2675 quaeris
534 2623 733 2677 responde-

154 2676 217 2715 bo.
251 2677 324 2716 Cli.
352 2676 514 2716 Festina.
556 2677 627 2728 Sy.
644 2675 733 2715 Jam

153 2731 317 2782 primum
335 2731 518 2776 omnium,
537 2738 733 2781 postquam

155 2793 375 2835 perventum
415 2791 472 2825 est
506 2783 568 2824 ad
581 2783 735 2821 domum

154 2836 304 2888 puellae,
320 2834 466 2876 Dromo
497 2835 619 2887 pulsat
643 2837 733 2874 osti-

156 2902 246 2927 um.
275 2888 443 2940 quaedam
472 2900 563 2926 anus
593 2890 733 2942 egredi-

157 2950 239 2980 tur:
285 2950 481 2994 postquam
520 2939 602 2982 haec
641 2956 734 2982 anus

155 2994 309 3032 reclusit
338 2993 448 3041 fores,
475 2995 656 3039 continuo
674 2994 735 3034 hic

409 122 418 129 ’
457 148 524 203 Ρ.
558 146 908 202 TERENm
947 119 1877 219 HEAUTONTIMORUMENos

771 290 980 360 Propter
997 307 1151 359 quam
1174 289 1229 342 in
1252 292 1454 343 summa
1475 281 1686 346 infamia
1713 311 1845 360 sum,
1881 299 1933 345 et
1955 309 2072 357 meo
2104 286 2197 364 ῥα,

912 361 977 412 tri
1001 360 1170 413 minus
1193 358 1504 430 obSequens3
1619 377 1622 379 ’

773 431 931 502 Cujus
957 449 1094 484 nunc
1118 431 1274 501 pudet
1297 449 1399 496 me,
1428 441 1481 484 et
1518 433 1736 502 miseret,
1759 435 1846 507 qui
1867 436 2049 496 harum
2083 453 2196 489 mo-

914 521 990 556 res
1015 505 1248 555 cantabat
1271 502 1418 566 mihi,

771 575 1036 658 Monuisse
1078 575 1287 626 frust1a⁶
1273 613 1287 640 ‚
1337 588 1504 644 neque
1548 575 1770 646 potuisse
1809 595 1926 634 eum
1967 596 2197 649 unquam

839 668 850 675 ³
915 663 998 698 me
1021 646 1084 697 ab
1108 646 1206 697 hac
1231 647 1518 714 expellere.
2124 654 2196 700 20

774 718 927 775 Quod
952 734 1090 770 nunc
1113 717 1297 775 faciam
1321 725 1526 771 tamen:
1570 727 1681 771 turn
1705 721 1824 773 eum
1845 728 2046 790 gratum
2069 720 2200 784 mibi

917 805 1021 840 esse
1045 789 1225 858 potuit,
1250 787 1410 841 nolui.

773 860 944 915 Nemo
968 869 1042 911 est
1071 859 1298 911 miserior
1330 878 1431 913 me.

915 941 1044 983 errat
1062 931 1315 996 videlicet,

772 1002 909 1059 Quae
931 1003 1016 1054 hic
1041 1020 1214 1054 sumus
1236 1002 1426 1056 locuti.

917 1092 1041 1138 rem,
1066 1084 1216 1143 atque
1240 1083 1329 1138 est,
1351 1074 1555 1144 accipis·

773 1145 910 1197 Nam
937 1156 995 1199 et
1007 1164 1036 1196 v
1039 1145 1108 1198 ita
1131 1155 1206 1197 est
1241 1113 1436 1211 eadem,
1459 1156 1511 1198 et
1533 1145 1733 1198 animus
1755 1156 1806 1198 te
1831 1163 1968 1216 erga
1963 1146 2107 1200 idem
2140 1160 2203 1199 ac

915 1212 1086 1280 fuit,

775 1287 1040 1342 Quantum
1067 1305 1131 1340 ex
1155 1287 1261 1357 ips-a
1284 1307 1337 1340 re
1362 1288 1702 1358 conjecturam
1729 1289 1974 1359 cepimus,
2131 1292 2200 1348 25

780 1358 877 1411 Cli.
913 1359 1051 1414 Quid
1081 1370 1169 1424 est,
1194 1361 1432 1412 obsecro?
1475 1379 1594 1413 nam
1630 1361 1760 1413 mihi
1791 1379 1930 1414 nunc
1963 1359 2093 1412 nihil
2124 1377 2203 1412 re-

834 1440 841 1446 “
918 1449 1030 1484 rum
1056 1432 1299 1484 omnium
1316 1442 1406 1501 est,

776 1501 929 1557 Quod
954 1502 1148 1565 malim,
1174 1505 1324 1591 quim)
1347 1521 1430 1554 me
1454 1503 1552 1554 hoc
1575 1503 1700 1555 falso
1721 1492 2068 1571 suspica'rier.

778 1575 860 1641 83].
901 1573 1021 1625 Hoc
1043 1574 1283 1641 primum,
1307 1583 1370 1624 ut
1386 1591 1451 1625 ne
1475 1574 1599 1643 quid
1622 1571 1807 1642 hujus
1796 1591 2026 1641 ignores,
2061 1586 2186 1629 anus

778 1644 910 1699 Quae
930 1654 1005 1695 est
1027 1645 1160 1696 dicta
1186 1655 1346 1696 mater
1368 1663 1472 1697 esse
1495 1646 1541 1697 ei
1568 1645 1798 1727 antebac,
1822 1663 1927 1696 non
1948 1645 2059 1700 fuit.

776 1715 858 1767 Ea
880 1715 1006 1767 obiit
1029 1723 1275 1770 mortem:
1311 1717 1463 1768 haec
1450 1735 1556 1786 1psa
1580 1717 1632 1769 in
1658 1716 1835 1771 itinere
1859 1719 2030 1769 alterae
2134 1721 2207 1776 30

776 1786 922 1839 Dum
948 1798 1131 1854 narrat,
1155 1789 1281 1839 forte
1305 1787 1489 1840 audivi.
1539 1788 1632 1858 C'Zi.
1657 1805 1891 1857 quaenam
1914 1797 1989 1840 est
2011 1789 2202 1840 altera?

780 1857 869 1927 83].
907 1859 1096 1913 Mane·
1083 1898 1097 1922 ,
1150 1859 1265 1924 hoc,
1315 1860 1476 1929 quod
1502 1859 1655 1928 coepi,
1697 1859 1922 1927 piimum
1959 1875 2205 1924 enarrem,

923 1929 1176 2011 Clitipho.

778 2000 896 2053 Post
932 2000 1067 2053 istuc
1098 2002 1316 2054 veniam.
1359 2001 1454 2055 Cli.
1478 2018 1703 2091 propera.
1741 2000 1829 2071 83].
1817 1999 1955 2074 .jam
1980 2001 2206 2072 primum

920 2073 1170 2136 omnium,

781 2143 888 2195 Ubi
908 2153 1116 2196 ventum
1141 2143 1203 2195 ad
1227 2143 1358 2195 sedes
1383 2153 1475 2208 est,
1487 2138 1695 2196 Dromo
1712 2146 1878 2218 pultat
1892 2145 2052 2200 fores:

1508 859 1580 945 83]
1548 879 1598 930 3].
1632 861 1718 915 hic
1743 861 1806 914 de
1825 862 2003 916 nostris
2036 861 2199 919 verbis

2229 151 2248 168 ἔ
2248 33 2249 37 Α
2228 0 2249 24 ἶ..

2307 927 2314 937 .-
2306 872 2309 876 =
2308 845 2314 858 -
2303 779 2314 807 ..e
2296 578 2314 767 ι-ἑύ-μ-ι-’ᾳ
2312 551 2314 553 .

1498 1002 1683 1070 Clinia,
1706 1002 1852 1082 aliter
1878 1014 2022 1060 tuum
2058 1022 2201 1059 amo-
2273 1053 2283 1068 ,

780 2217 924 2267 Anus
949 2216 1179 2283 quaedam
1200 2215 1396 2294 prodit.
1434 2183 1546 2267 h'aec
1570 2215 1660 2266 ubi
1683 2215 1878 2284 aperuit
1898 2214 2101 2280 ostium,
2135 2218 2204 2269 35
2257 2230 2261 2235 ’
2299 2236 2314 2301 ὲ

783 2285 1040 2338 Continuo
1059 2285 1144 2338 hic
1169 2304 1221 2341 se
1242 2284 1457 2354 conjecit
1477 2286 1636 2350 intro3
1674 2303 1771 2354 ego
1793 2303 2100 2368 consequor·
2084 2326 2102 2352 ,

781 2359 926 2410 Anus
950 2356 1135 2412 foribus
1159 2358 1300 2410 obdit
1319 2359 1595 2431 pessulum,
1618 2357 1682 2408 ad
1706 2359 1874 2410 lanam
1899 2357 2043 2409 redit.

782 2429 928 2490 Hinc
948 2429 1062 2481 sciri
1081 2429 1262 2498 potuit,
1287 2437 1374 2480 aut
1398 2446 1644 2498 nusquam
1669 2428 1807 2493 alibi,
1831 2428 2017 2492 Clinia,

781 2504 901 2557 Quo
917 2500 1083 2552 studio
1106 2500 1261 2552 vitam
1280 2517 1421 2552 suam
1445 2510 1496 2550 te
1513 2502 1717 2551 absente
1740 2499 1996 2567 exegerit3

783 2571 893 2623 Ubi
915 2573 978 2624 de
1002 2572 1272 2641 improviso
1290 2581 1363 2622 est
1386 2571 1723 2622 interventum
1747 2569 1949 2623 mulieri
1971 2589 1984 2623 ε

782 2643 919 2695 Nam
947 2661 1007 2694 ea
1025 2661 1101 2694 res
1126 2643 1262 2696 dedit
1285 2655 1396 2695 tum
1420 2641 1757 2695 existumandi
1780 2641 1979 2711 copiam

786 2714 1114 2770 Quotidianae
1138 2715 1256 2766 vitae
1282 2714 1722 2777 consuetudinem3

2137 2574 2210 2624 40

787 2785 935 2850 Quae,
961 2784 1199 2855 cujusque
1224 2786 1485 2854 ingenium
1507 2797 1564 2836 ut
1587 2784 1665 2849 sit,
1686 2785 1903 2837 declarat
1919 2783 2176 2836 maxume.

782 2858 831 2909 T
832 2867 1063 2908 exentem
1085 2859 1241 2908 telam
1260 2856 1509 2909 studiose
1496 2874 1654 2925 lpsam
1678 2854 1997 2920 offendimuS‚

786 2928 1117 2985 Mediocriter
1139 2928 1366 2982 vestitam
1391 2938 1525 3002 veste
1543 2926 1760 2996 lugubri,
2137 2929 2207 2979 45

158 3045 306 3088 Dromo
324 3047 423 3086 intro
440 3060 478 3084 se
498 3047 668 3094 immisit;
697 3061 768 3100 ego
785 3061 870 3088 cum
889 3051 969 3102 ipso
996 3050 1094 3088 intro
1121 3058 1295 3100 tanquam
1314 3050 1392 3100 ejtxs
1410 3062 1552 3088 comes·
1580 3048 1687 3087 Anus
1704 3047 1857 3100 opponit
1880 3046 2026 3087 obicem
2043 3048 2155 3095 ost10‚
2171 3055 2212 3086 et

159 3100 299 3140 claudit
316 3099 421 3145 illud,
438 3101 631 3137 revertitur
649 3101 693 3138 nd
711 3101 912 3141 lanificium
937 3103 1192 3141 exercendum.
1246 3101 1303 3140 Ex
1317 3101 1386 3140 hstc
1401 3115 1439 3140 re
1458 3102 1606 3154 agnosci
1624 3101 1763 3152 potuit,
1780 3109 1844 3139 aut
1861 3114 2052 3152 nunquam
2069 3109 2115 3139 ex'
2119 3101 2212 3147 lm,

158 3167 236 3203 quo
253 3153 431 3191 exercitio
449 3154 558 3190 vitam
577 3167 680 3191 suam
695 3155 907 3202 traduxerit,
925 3156 1012 3194 dum
1033 3155 1163 3193 absens
1189 3154 1309 3193 fuisti:
1339 3155 1423 3192 cum
1443 3155 1487 3192 ad
1514 3153 1732 3192 mulierem
1724 3167 1762 3191 m
1781 3154 1904 3192 medio
1929 3166 2040 3206 opere
2057 3153 2136 3204 ejus
2162 3165 2212 3197 ,εκ

140 3244 141 3247 ,
159 3206 348 3257 insperato
365 3206 545 3243 venimus.
589 3204 688 3244 Nam
707 3208 816 3245 talis
808 3209 1020 3259 inopinatus
1037 3208 1266 3246 interventus
1285 3207 1387 3246 dedit
1403 3206 1613 3246 facultatem
1629 3207 1834 3245 aestimandi
1853 3205 1976 3254 uobis,
1992 3219 2104 3269 quam
2120 3218 2213 3250 con-

158 3258 396 3306 ‚suetudinem
410 3259 493 3296 vitoe
517 3260 741 3308 quotidianae
768 3258 960 3305 habuerit·
990 3260 1231 3300 Consuetudo
1247 3260 1411 3298 ostendit
1430 3259 1620 3310 perspicue
1635 3259 1793 3308 qualiter
1808 3267 1938 3299 natura
1959 3258 2213 3334 cujusququt·

160 3309 284 3363 Ipsam
303 3311 398 3355 forte
411 3312 613 3365 reperimus
630 3313 743 3352 telam
761 3322 950 3354 texentem
969 3314 1122 3360 attente,
1139 3313 1306 3351 indutam
1320 3313 1549 3355 mediocriter
1563 3320 1661 3355 veste
1675 3311 1841 3369 lugubri,

952 3515 955 3518 ’
1021 3524 1355 3567 ΑΝΝΟΤΑΤΙΟ.

219 3668 271 3701 80
299 3660 436 3704 Alteroe
454 3661 542 3700 dum
559 3659 717 3711 narrat]
775 3659 889 3708 Ullae,
907 3661 1034 3709 nullae,
1053 3662 1155 3710 solae,
1173 3671 1276 3709 totae,
1296 3663 1392 3710 aliae,
1410 3663 1551 3711 alterae,
1571 3677 1652 3717 pm,
1673 3661 1771 3713 Ulli,
1799 3663 1910 3714 nulli,
1928 3663 2015 3715 soli,
2031 3662 2118 3721 toti,
2134 3661 2215 3712 ulii,

161 3703 311 3766 alteri,
302 3728 343 3755 m
355 3714 550 3770 foeminino
567 3727 702 3768 genere
719 3713 818 3767 apud
835 3715 1019 3768 antiquos
1026 3716 1069 3758 in
1085 3729 1153 3758 usu
1165 3714 1306 3756 fuisse
1295 3717 1519 3758 invenimus.
1603 3734 1606 3739 ·
1728 3746 1730 3748 ψ
1856 3750 1858 3752 .
