2340 3964
528 440 925 531 ACTUS

977 437 1816 535 1H.SCENA1W

722 681 985 739 DAVUS.¹
1021 687 1218 740 SIMO.
1257 677 1635 743 CHREMES.

205 885 283 926 Da.
312 885 371 925 Ad
400 894 438 924 te
470 881 584 931 ibam,
610 884 725 924 here!

149 931 207 976 <¹22
236 938 424 983 Quidnam
440 940 522 978 est?
555 914 630 977 I’Ja.
649 936 731 978 Cur

149 987 388 1038 Philumena,
421 989 602 1044 desponsa
637 1004 727 1031 uxor

150 1041 363 1097 Pamphilo,
392 1059 469 1084 non
501 1045 726 1084 accersitur?

150 1097 240 1136 dam
255 1112 405 1151 vespera
422 1099 536 1150 prope
554 1109 623 1136 est.
667 1097 723 1136 Si.

150 1150 270 1190 Audis
273 1166 319 1189 ne
337 1162 381 1190 tu
393 1150 514 1199 illum,
532 1149 715 1189 Chreme.
707 1151 724 1176 ³

152 1202 238 1257 Ego
259 1205 339 1256 jam
367 1218 419 1256 pr
411 1204 522 1251 idem,
554 1203 676 1251 Dave,
703 1203 726 1242 ὲ

153 1266 191 1294 te
207 1259 244 1296 id
259 1259 396 1295 veritus
411 1271 510 1304 sum,
525 1271 573 1295 ne
587 1256 724 1296 faceres

154 1311 268 1357 idem,
296 1311 396 1361 quod
431 1310 627 1362 plerique
627 1311 727 1350 servi

153 1362 274 1404 facere
305 1364 444 1411 solent,
476 1371 517 1401 ut
544 1377 605 1402 me
633 1363 727 1402 dolis

153 1416 359 1463 deluderes,
373 1425 566 1479 propterea
579 1415 679 1467 quod
690 1431 729 1455 a-

153 1466 234 1508 mat
260 1468 372 1515 filius,
403 1470 463 1507 cui
490 1470 535 1507 ad
566 1483 728 1507 amorem

153 1524 330 1576 magister
346 1522 479 1561 fueras.
511 1522 586 1561 Da.
597 1521 727 1575 Egone

151 1575 195 1617 id
224 1575 403 1613 facerem
413 1577 451 1613 in
480 1576 544 1613 te?
599 1576 656 1614 Si.
685 1574 730 1614 Id

154 1629 310 1668 credidi:
339 1638 449 1675 atque
469 1629 580 1666 etiam
600 1629 638 1667 id
654 1643 730 1667 me

155 1690 280 1728 tuens,
299 1683 398 1734 quod
418 1695 517 1720 nuuc
535 1682 670 1730 dicam,
692 1691 730 1720 te

155 1744 196 1772 et
215 1733 448 1787 Pamphilum
473 1734 599 1773 celavi.
658 1710 732 1773 ’Da.

155 1786 260 1832 Quid
277 1788 364 1828 est?
402 1788 458 1827 Si.
477 1786 600 1826 Scies:
630 1787 733 1827 Nam

155 1841 271 1894 prope
287 1841 390 1879 tibi'
373 1855 452 1893 Jam
479 1842 599 1879 credo.
655 1842 731 1880 Da.

155 1891 326 1932 Tandem
343 1895 407 1944 qui
426 1895 495 1932 sim
515 1895 732 1946 cognovisti.

155 1946 213 1986 Si.
239 1945 412 1998 Nuptiae,
443 1961 533 1998 quas
563 1943 731 1986 dicebam

155 2013 219 2038 me
242 2012 385 2052 parare,
403 2013 478 2038 non
504 2000 651 2038 fuerant
673 2001 732 2038 fu-

155 2063 264 2092 turae.
335 2054 414 2092 Da.
455 2051 580 2096 Quid?
627 2055 727 2092 non?

155 2106 214 2145 Si.
234 2104 330 2144 Sed
322 2106 366 2145 ea
379 2096 425 2144 de'
439 2106 557 2144 causa
561 2106 730 2146 simulavi

156 2173 219 2198 eas
243 2173 332 2198 mox
359 2159 559 2206 faciendas,
580 2168 624 2198 ut
649 2174 729 2208 vos,

157 2212 248 2264 quid
260 2213 376 2251 animi
392 2187 578 2251 haberetis
590 2213 636 2251 ad
654 2226 729 2260 eas,

156 2266 397 2318 explorarem.
429 2266 505 2304 Da.
534 2264 635 2309 Quid
649 2267 728 2317 ais?

157 2318 216 2356 Si.
243 2315 307 2357 Sic
333 2332 391 2357 res
416 2323 456 2357 se
473 2317 599 2358 habet.
653 2319 731 2357 Da..

158 2370 269 2410 Vide.
322 2370 529 2422 Nunquam
540 2386 610 2424 ego
625 2373 738 2411 intel-

156 2423 273 2475 ligere
294 2425 400 2478 potui
424 2434 462 2463 te
487 2425 524 2463 id
550 2425 735 2463 simulare.

161 2475 246 2515 Vah
273 2477 471 2516 consilium
501 2479 679 2530 prudenS,
697 2489 735 2516 et

159 2531 329 2569 cautum!
342 2531 397 2570 Si.
407 2531 526 2570 Audi·-
539 2540 734 2583 postquam

158 2582 249 2621 hinc
257 2593 295 2621 te
298 2598 392 2634 jussi
404 2584 478 2622 intr
480 2583 556 2622 oire
567 2584 734 2631 domum,

158 2638 369 2688 opportune
385 2635 563 2675 Chre-mes
582 2635 675 2676 mihi
694 2638 737 2674 fit

159 2688 318 2728 obviam.
371 2689 448 2733 Da.
467 2688 591 2729 Hem!
611 2703 735 2728 nonne

161 2739 370 2794 periimus?
433 2743 489 2782 Si.
516 2741 626 2780 Tunc
654 2757 736 2781 nar-

161 2796 236 2833 ravi
281 2794 350 2841 illi,
389 2810 472 2845 quae
508 2805 551 2834 tu
592 2797 735 2848 pridem

162 2847 284 2886 dixisti
318 2846 423 2887 mihi.
496 2850 572 2887 Da.
615 2847 737 2891 Quid-

164 2902 481 2953 namegonudio?
530 2902 586 2940 Si.
603 2899 735 2940 Filiam

162 2963 208 2991 ut
220 2955 288 2992 det
308 2954 382 2993 filio
410 2969 495 2993 meo
519 2968 599 2999 oro
628 2956 737 3005 idque

162 3008 261 3058 aegre
270 3019 355 3098 pre(
350 3007 439 3046 ibus
452 3007 498 3045 ab
510 3021 556 3047 eo
566 3009 736 3060 impetro.

165 3061 243 3098 Da.

295 3062 414 3100 nterii.
468 3059 674 3099 513Hem!
707 3061 797 3111 quid
815 3062 962 3101 dixisti?

777 883 889 936 Da.
929 883 1018 935 Αι)
1043 884 1094 934 te
1120 874 1273 935 ibam.
1348 878 1419 936 Si.
1457 883 1698 963 quidnam
1727 886 1830 938 est?

777 955 890 1007 Da.
928 954 1032 1006 Cur
1056 972 1158 1006 non
1194 956 1496 1007 accersitur?
1527 974 1638 1026 jam
1673 950 2049 1030 advesperascit.

921 1022 1092 1076 audin'
1114 1035 1170 1078 tu
1194 1026 1372 1079 illum.
1361 1029 1378 1064 ³

778 1097 894 1167 Ego
919 1098 1109 1149 dudum
1135 1116 1241 1150 non·
1263 1098 1337 1151 nil
1360 1099 1543 1151 veritus
1580 1113 1714 1166 sum,
1738 1101 1898 1168 Dave,
1932 1103 2019 1155 abs
2043 1112 2112 1169 te,
2137 1116 2209 1156 ne

919 1170 1108 1220 faceres
1133 1168 1287 1233 idem,
2020 1175 2206 1245 [dereS,

779 1239 932 1296 Quod
974 1242 1150 1309 volgus
1191 1226 1443 1294 servolum
1481 1245 1638 1307 solet3
1657 1244 1802 1296 dolis
1844 1255 1902 1295 ut
1939 1263 2023 1299 me
2060 1246 2210 1299 delu-

779 1313 1046 1382 Propterea
1069 1313 1203 1382 qued
1223 1324 1359 1364 amat
1384 1282 2210 1409 filius.1')a.egon'istuefaee-

2127 962 2201 1016 Si,

923 1385 1074 1434 rem?
1114 1383 1185 1436 Set.
1215 1384 1426 1437 credidi:
2173 1394 2213 1442 5·

780 1454 940 1524 quue
978 1455 1103 1507 ade&
1127 1466 1357 1507 metuens
1382 1475 1466 1508 vos
1487 1458 1660 1524 celavi,
1698 1460 1834 1529 quod
1854 1477 1990 1512 nunc
2018 1459 2208 1544 dicam.

925 1520 1035 1578 Da.
1077 1526 1236 1596 quid?
1303 1527 1373 1579 Si.
1414 1526 1569 1580 scieS.

781 1597 918 1650 Nam
939 1545 1303 1687 propdinodufn
1325 1599 1485 1651 habeo
1505 1600 1636 1652 tibi·
1612 1617 1723 1673 jam·
1743 1601 1913 1656 fidem.
1960 1601 2070 1655 Da.
2095 1613 2209 1657 tan-

927 1668 1044 1721 dem
1070 1670 1280 1738 agndsti,
1306 1670 1405 1740 qui
1418 1671 1564 1723 siem.
1601 1722 1603 1724 ,

785 1741 860 1795 Si.
896 1740 1018 1792 Non
1040 1743 1239 1793 fuerant
1262 1742 1454 1825 nuptiae
1474 1743 1674 1798 futurae.
1725 1728 1844 1799 Det
1862 1717 2032 1816 quid?
2072 1746 2214 1835 non?

930 1812 1003 1863 Si.
1040 1812 1126 1863 sed
1151 1816 1211 1864 ea
1228 1814 1389 1882 gratia
1515 1819 1518 1823 ’

785 1883 1048 1948 Simulavi,
1072 1902 1156 1934 vos
1179 1894 1238 1936 ut
1258 1903 1348 1955 pel
1351 1895 1611 1940 tentarem
1682 1887 1793 1940 Da.
1829 1887 1981 1962 quid
1958 1878 2076 1940 ais?
2136 1885 2213 1940 Si

960 1955 1032 2006 sic
1057 1973 1132 2006 res
1154 1965 1243 2008 est.
1314 1956 1423 2009 Da.
1461 1958 1589 2010 vide.

783 2027 1061 2097 Nunquam
1101 2027 1240 2096 quivi
1262 2046 1356 2098 ego
1391 2030 1518 2100 istuc
1544 2030 1849 2100 intelligere.
1885 2029 1982 2098 vah
2007 2004 2214 2083 eonsili-

926 2116 1016 2150 um
1042 2098 1315 2154 callidum!
2147 2107 2212 2153 10

785 2169 859 2223 Sz.
896 2169 1018 2221 Hoc
1041 2169 1188 2222 audi:
1225 2181 1284 2223 ut
1315 2172 1437 2225 hinc
1467 2181 1517 2225 te
1535 2171 1660 2242 jussi
1684 2173 1907 2239 introire,
1931 2163 2212 2263 opportune

926 2242 1012 2292 hie
1035 2241 1092 2292 fit
1117 2242 1245 2294 mihi
1265 2244 1481 2298 obviam.

787 2312 896 2366 Da.
939 2313 1112 2365 Hem!
1152 2322 1398 2367 numnam
1425 2317 1698 2384 periimus?
1775 2315 1848 2368 Si.
1894 2321 2040 2368 narro
2074 2314 2215 2380 huic,

931 2403 1045 2453 quae
1068 2394 1125 2436 tu
1149 2386 1341 2438 dudum
1369 2389 1574 2440 narrasti
1599 2388 1744 2440 mihi.
1913 2407 1917 2410 ·

787 2457 898 2510 Da.
935 2455 1197 2511 Quidnam
1218 2458 1401 2511 audio?
1462 2459 1534 2512 Si.
1560 2470 1766 2528 gnatam
1791 2467 1848 2510 ut
1874 2456 1958 2512 det
1979 2475 2083 2526 οιο,
2105 2455 2215 2510 vix-

931 2545 1030 2596 que
1049 2527 1099 2579 id
1125 2546 1290 2582 exorO.
1365 2530 1474 2583 Da.
1514 2531 1696 2584 occidi.

789 2599 863 2652 Si.
905 2599 1080 2651 Hem!
1122 2601 1240 2669 quid
1261 2601 1442 2653 dixti?
1476 2603 1584 2656 Da.
1608 2604 1834 2672 optume,
1860 2600 2085 2670 inquam,
2109 2601 2215 2652 fac·

931 2681 1059 2722 tum.
1133 2672 1205 2724 Si.
1225 2673 1382 2724 Nune
1401 2692 1491 2742 per
1509 2674 1647 2726 hunc
1668 2676 1808 2725 nulla
1825 2682 1899 2724 est
1918 2689 2073 2724 mora.

794 2740 885 2794 Ch.
935 2739 1166 2800 Domum
1208 2745 1359 2799 modu
1399 2745 1514 2799 ibo:
1562 2756 1619 2798 ut
1651 2753 1968 2815 apparentur,
2011 2742 2214 2800 dicam·

928 2822 1079 2883 atque
1099 2815 1200 2866 hue
1220 2817 1477 2870 renunciO.
2151 2819 2211 2865 15

791 2883 864 2936 Si.
898 2883 1053 2936 Nune
1084 2894 1135 2937 te
1172 2905 1275 2951 0r0,
1307 2887 1468 2953 Dave,
1504 2887 1742 2959 quoniam
1776 2887 1908 2938 solus
1939 2883 2067 2937 mihi
2092 2883 2217 2937 effe-

934 2956 1044 3008 cisti
1068 2957 1155 3008 has
1181 2959 1396 3028 nuptias.

1022 3063 1099 3100 Da.
1128 3062 1295 3114 Optime,
1315 3064 1481 3114 inquam,
1498 3063 1632 3101 fecisti.
1685 3062 1739 3100 Si.
1766 3059 1882 3099 Nunc
1901 3075 1965 3113 per
1983 3059 2220 3101 Chremetem

163 3113 266 3152 nulla
284 3113 412 3151 dilatio
430 3122 501 3159 cst,
525 3115 615 3165 quin
634 3117 774 3166 nuptiae
792 3115 894 3152 fiant.
953 3115 1026 3154 Ch.
1054 3115 1222 3154 Domum
1243 3117 1353 3154 mode
1373 3117 1456 3154 ibo·
1486 3126 1528 3154 ut
1543 3115 1703 3216 nqptiae
1704 3125 1926 3176 apparentur
1942 3115 2080 3160 dimum
2109 3123 2222 3164 atque

147 3166 210 3204 ‘ad
227 3179 305 3212 vos,
322 3167 412 3218 quid
430 3176 554 3207 actum
575 3166 699 3213 fuerit,
716 3166 884 3206 celeriter
902 3169 1141 3206 renunciabo.
1193 3170 1250 3208 Si.
1281 3168 1394 3208 Nunc
1415 3180 1451 3209 te
1475 3183 1539 3208 oro

1623 3182 1688 3208 me
1722 3170 1898 3220 quoniam
1921 3167 2021 3206 solus
2038 3165 2133 3208 mihi
2151 3175 2222 3205 tun

163 3217 320 3259 consilio
337 3219 507 3279 effecisti,
526 3229 570 3259 ut
583 3219 643 3259 hoe
657 3221 796 3275 nuptiae
814 3230 1088 3274 peragerentur.

979 3450 1052 3491 AN
1061 3449 1419 3490 NOTATIONES.

219 3571 242 3602 Ω
267 3564 359 3603 Jam
378 3565 486 3604 adves
512 3565 670 3629 erest-iq]
706 3565 767 3606 Ex
782 3568 856 3606 ritu
873 3566 1171 3619 nuptiarumhoc
1224 3567 1451 3614 insultantis,
1480 3569 1659 3614 mirantis,
1688 3576 1726 3607 et
1751 3567 1989 3613 blandientis,
2015 3566 2133 3617 qualis
2158 3562 2223 3604 hic

166 3616 306 3662 dictum
326 3632 364 3655 es
355 3627 412 3658 t.

224 3730 274 3762 10
303 3723 413 3775 Velm]

255 3796 263 3815 ι

492 3630 578 3657 octu
597 3621 696 3658 enirn
715 3634 809 3659 uxor
829 3621 1056 3660 ducebatur
1049 3635 1087 3659 ιιι
1106 3621 1171 3659 do-
1225 3630 1294 3659 est.

139 3711 142 3716 ,
165 3680 270 3707 mum
286 3672 421 3717 mariti,
439 3672 597 3724 praelatis
613 3672 769 3711 facibus.

471 3723 687 3776 Interiectio
703 3736 760 3765 est
778 3726 953 3777 laetantis,
973 3727 1170 3776 irridentis,

1283 3682 1329 3711 1-2
1365 3673 1490 3711 Hem!
1518 3685 1696 3711 numnam
1728 3674 1901 3725 periimus
1914 3671 1953 3721 P]
2010 3669 2226 3723 Ititerjectio

1225 3727 1448 3766 metuentis:
1478 3736 1516 3766 et
1530 3725 1600 3765 hoc
1615 3727 1807 3766 summisse
1820 3725 1946 3765 Davus
1964 3724 2067 3763 dicit.
