2340 3964
164 164 234 212 52

163 301 234 340 Pa.
261 299 397 339 Nescis
422 300 511 352 quid
529 297 621 337 milri
640 298 736 338 acci-

162 354 272 394 derit.
310 355 386 392 Da.
404 352 537 391 Certe:
565 351 630 389 sed
647 350 738 402 quid

163 405 258 446 mihi
277 406 466 453 acciderit,
476 406 570 447 scio.
601 405 668 441 Pa.
687 401 738 442 Et
807 411 809 416 ·

164 460 315 511 quidem
333 472 415 511 ego.
473 459 545 496 Da.
559 455 619 494 ‘Ut
642 456 739 493 acei-

163 514 248 553 dere
267 511 361 551 solet
385 510 613 555 hominibus,
631 509 684 546 ita
699 522 739 546 e-

161 567 264 606 venit
290 565 417 611 nobis3
449 572 493 601 ut
522 562 625 613 prius
651 575 739 612 cog-

165 630 349 664 nosceres,
368 616 467 668 quod
493 614 579 653 mali
598 615 738 660 inveni,

163 672 274 724 quam
289 684 360 722 ego
372 670 547 714 audirem,
563 668 663 717 quod
673 667 741 719 bo-

166 727 204 764 ni
218 725 288 762 tibi
303 722 451 773 obtigit.
470 722 538 759 Pa.
549 718 642 758 Mea
648 718 739 770 Gly-

163 779 303 816 cerium
316 789 401 813 suos
411 783 579 826 parentes
590 773 738 824 reperit.

166 831 244 868 Da.
261 828 298 867 O
311 827 423 880 quam
440 828 540 866 recte
553 826 713 876 contigit
728 827 736 863 Ε

167 883 238 922 Ch.
267 881 381 919 Hem.
425 881 496 918 Pa.
526 878 634 918 Pater
661 879 740 928 ejus

164 948 331 974 summus
359 934 498 972 amicus
529 941 654 970 noster
671 940 740 969 est.

163 989 240 1028 Da.
267 986 397 1030 Quis?
447 987 515 1024 Pa.
546 984 739 1023 Chremes.

165 1042 244 1080 Da.
271 1039 376 1078 Bene
394 1052 528 1077 narras.
564 1039 632 1077 Pa.
654 1036 738 1075 Nec

162 1096 361 1146 quiequam
377 1105 443 1130 nos
456 1091 628 1134 retardat,
647 1092 739 1141 quin

162 1160 244 1186 eam
279 1150 428 1184 uxore'm
467 1146 611 1182 ducam.
668 1143 737 1182 Ch.

162 1199 270 1238 Num
281 1197 498 1250 Pamphilus
511 1198 670 1235 somniat
681 1210 738 1243 ea,

163 1267 247 1302 quae
262 1251 416 1305 vigilans
434 1251 638 1302 expetivit?
672 1250 738 1287 Pa.

162 1305 349 1344 Caeterum
379 1305 424 1342 de
459 1316 588 1356 puero,
620 1301 739 1349 Dave,

161 1368 207 1397 ut
235 1372 277 1396 se
297 1357 438 1396 habet?
479 1357 556 1395 Da.
583 1354 660 1402 Ah,
677 1355 739 1393 de-

160 1413 241 1450 sine
261 1412 306 1449 de
338 1411 403 1448 illo
421 1409 526 1462 plura
549 1409 736 1461 quaerere!

165 1464 234 1504 Ille
265 1462 365 1502 solus
397 1471 454 1501 est
484 1475 530 1500 ex
564 1461 738 1500 omnibus

162 1519 302 1570 pueris,
320 1530 431 1567 quem
457 1515 508 1553 dii
535 1516 575 1553 in
597 1514 738 1552 deliciis

162 1570 318 1616 habent,
347 1580 384 1607 et
411 1571 450 1606 in
481 1570 566 1606 sinu
592 1577 740 1618 gerunt.

167 1623 238 1662 Ch.
274 1621 315 1660 Si
342 1621 424 1660 brec
450 1635 531 1659 vera
548 1630 651 1664 sunt,
669 1620 740 1658 sal·

162 1691 227 1714 vus
243 1690 338 1714 sum.
379 1674 619 1726 Compellabo
631 1671 740 1711 Pam-

162 1728 322 1782 philum.
389 1729 457 1766 Pa.
493 1725 591 1770 Quis
625 1725 740 1765 homo

163 1794 234 1829 est,
271 1784 334 1833 qui
374 1782 418 1819 ad
460 1794 526 1817 nos
570 1781 736 1818 accedit?

163 1834 341 1882 Charine,
385 1834 593 1885 opportune
645 1831 738 1871 mihi

163 1888 325 1927 advenis.
383 1887 452 1925 Ch.
476 1885 619 1924 Tecum
642 1885 739 1924 bene

163 1949 288 1979 actum
324 1953 403 1977 esse
444 1939 597 1990 gaudeo.
672 1939 738 1976 Pa.

165 1991 294 2032 Hem!
321 1991 532 2031 audistine?
560 1992 627 2030 Cli.
646 1989 741 2029 Om-

165 2050 228 2086 nia
245 2047 386 2089 audivi3
418 2045 590 2095 agedum,
606 2045 645 2081 in
664 2047 739 2096 tuis

163 2100 349 2153 prosperis
368 2098 596 2137 successibus
626 2096 681 2135 fac
701 2108 739 2136 ut

163 2166 225 2191 me
239 2153 394 2203 adjuves.
433 2149 670 2189 Chremetem
684 2160 740 2189 to-

166 2214 248 2244 turn
282 2205 468 2257 possides:
514 2204 604 2241 scio
633 2202 740 2241 illum

164 2259 348 2298 facturum
376 2271 454 2295 esse
480 2257 619 2303 omnia,
649 2270 734 2308 quae
764 2255 874 2295 voles.

809 156 870 209 P.
885 163 888 168 '
901 151 1270 208 TERENTII‘
1285 151 1577 210 ANDRIA.

791 297 905 348 Pa..
930 294 1255 367 Nescisquid
1293 295 1697 366 mihi-obtigerit.
1768 298 1878 352 Da.
1903 299 2036 350 certe
2058 298 2218 364 νεώ,

924 365 1055 434 quid
1078 366 1207 418 mihi
1230 367 1483 435 obtigerit,
1506 367 1623 421 seio.
1669 369 1672 376 ’

793 437 894 489 Ρα.
933 437 1006 488 Et
1027 437 1233 506 quidem
1258 436 1369 507 egoss
1443 438 1553 491 Da.
1579 455 1719 491 more
1741 440 2008 494 hominum
2029 441 2215 506 evenit,

932 525 1030 577 ego
1052 517 1110 559 ut
1133 509 1266 577 quod
1290 509 1386 560 sim
1412 518 1585 561 nactus
1610 510 1748 574 mali,

793 579 935 633 Prius
976 579 1263 632 rescisceres
1295 589 1368 646 tu,
1411 581 1563 651 quam
1601 597 1716 650 ego,
1747 581 1839 633 tibi
1877 583 2011 652 quod
2047 583 2214 635 evenit

933 651 1069 712 boni.
1331 665 1333 668 ·
1494 669 1497 671 ’
1816 653 2025 722 [factum
2052 657 2180 708 bene
2201 654 2213 706 ἒ

798 723 894 773 Pa.
934 721 1058 773 Mea
1081 721 1375 790 Glycerium
1400 741 1512 774 suos
1533 732 1761 792 parentes
1785 726 1981 792 reperit.
2041 725 2149 778 Da.
2182 728 2214 777 ὂ

798 794 883 844 Ch.
920 793 1083 845 Hem.
1122 795 1222 846 Pa.
1256 805 1397 863 pater
1430 795 1620 845 amicus
1654 812 1880 846 summus
1904 797 2059 849 nobis
2102 796 2213 851 Da.

914 865 1045 932 ‘quis
1065 866 1095 915 ?1
1123 865 1224 917 Pa.
1251 866 1509 917 Chremes.
1586 864 1696 918 Da.
1722 883 1886 918 narras
1907 869 2076 935 probe.
2179 874 2214 920 6

793 937 892 988 Ρα.
931 936 1045 988 Nec
1069 954 1209 987 mora
1231 938 1335 1006 ulla
1362 946 1451 1001 est,
1475 937 1603 1006 quin*
1626 955 1748 1001 ‚eam
1772 955 1981 990 uxorem
2010 939 2209 992 ducam.

826 1015 830 1020 ’
938 1006 1031 1060 Ch.
1069 1026 1199 1059 num
1219 1007 1304 1059 ille
1329 1007 1546 1060 somniat
1960 1025 1962 1028 ·

791 1079 887 1143 Ea,
912 1097 1025 1148 quae
1051 1078 1260 1146 vigilans
1280 1079 1470 1131 voluit?
1511 1080 1608 1132 Pa.
1632 1090 1741 1132 tum
1767 1078 1830 1130 de
1850 1098 2022 1148 puer0,
2038 1081 2216 1133 Dave?

936 1149 1046 1202 Da.
1075 1149 1140 1201 ah
1165 1150 1365 1202 desine!
1792 1150 2062 1220 [haec‘ve'ra
2083 1162 2216 1205 sunt.

793 1221 939 1272 Solus
965 1231 1054 1285 est,
1091 1239 1241 1290 quem
1269 1222 1488 1290 diligunt
1512 1221 1598 1275 dii.
1675 1221 1767 1275 Ch.
1810 1223 1970 1274 salvus
2008 1215 2139 1288 sum,
2175 1224 2218 1276 si

794 1293 1080 1362 Colloq'uar.
1123 1292 1227 1345 Pa.
1265 1294 1375 1361 quis
1405 1294 1561 1347 homo
1596 1296 1705 1346 est?
1746 1293 1983 1358 Charine,
2007 1294 2059 1346 in
2085 1306 2218 1347 tem-

934 1382 1058 1431 pore
1077 1365 1185 1433 ipso
1209 1365 1283 1416 mi
1299 1364 1520 1418 advenis,
1828 1381 1832 1384 ’
1913 1398 1942 1408 -’
2154 1373 2218 1418 10

798 1433 888 1487 Ch.
925 1435 1067 1487 Bene
1092 1437 1298 1488 factum.
1341 1437 1438 1488 Pa.
1478 1437 1615 1500 hem,
1647 1436 1864 1488 audisti?
1906 1436 1994 1490 Ch.
2025 1438 2214 1490 omnia.

933 1525 1044 1574 age,
1070 1525 1154 1559 me
1178 1507 1230 1558 in
1255 1508 1354 1558 tuis
1380 1507 1610 1559 secundis
1633 1508 1839 1577 respice.
2076 1574 2079 1578 ι

791 1578 932 1630 Tuus
976 1591 1048 1630 est
1090 1579 1226 1630 nunc
1268 1579 1542 1631 Chremes:
1600 1581 1868 1641 facturum,
1910 1596 2023 1646 quae
2066 1581 2218 1644 voles,

933 1649 1037 1702 scio
1061 1668 1165 1701 esse
1189 1650 1375 1704 omnia.
1563 1651 1883 1720 [exspectare,
1907 1650 2030 1701 dum
2057 1647 2215 1704 exeat.

794 1721 892 1773 Pa.
931 1721 1185 1774 Memini:
1226 1732 1376 1790 atque
1410 1722 1535 1774 adeo
1570 1724 1779 1791 longum
1817 1731 1906 1786 est,
1942 1739 2032 1772 nos
2071 1721 2215 1774 illum

793 1792 1013 1863 Sequere
1053 1793 1151 1844 hae
1192 1811 1274 1844 me
1317 1795 1448 1851 intus
1496 1795 1559 1845 ad
1603 1793 1897 1864 Glycerium
1941 1810 2096 1845 nunc.
2144 1803 2217 1858 tu,

932 1864 1092 1928 Dave,
1117 1864 1198 1915 abi
1224 1865 1451 1917 domum.
2153 1870 2216 1916 14

792 1935 1006 2004 Propere
1055 1954 1268 1998 accerse,
1315 1936 1436 1986 hinc
1485 1937 1570 2002 qui
1619 1938 1845 1988 auferant
1889 1953 2034 1989 eam:
2097 1934 2218 2005 quid

936 2008 1068 2058 stas?
1109 2007 1229 2075 quid
1256 2009 1448 2058 cessas?
1490 2008 1599 2058 Da.
1624 2025 1699 2058 eo.
1965 2007 2217 2076 [debiturz

794 2079 876 2129 Ne
913 2078 1224 2147 exspectetiS,
1267 2079 1388 2130 dum
1438 2090 1617 2130 exeant
1653 2079 1788 2130 huc:
1831 2077 1964 2130 intus
2005 2078 2219 2148 despon-

794 2160 937 2212 1ntus
961 2148 1277 2218 transigetur,
1295 2150 1479 2220 siquid
1499 2160 1588 2215 est,
1608 2149 1742 2220 quod
1766 2158 1932 2203 restet.
1969 2149 2217 2204 Plaudite.

943 2258 1011 2296 Pa.
1039 2257 1194 2310 Semper
1218 2255 1273 2297 tui
1299 2259 1475 2297 memini:
1503 2258 1658 2310 longum
1686 2259 1773 2297 vero
1801 2245 1949 2311 tem-pus
1978 2267 2036 2297 est
2060 2272 2130 2297 nos
2157 2272 2221 2297 ex-

166 2321 345 2363 ¹spectare,
364 2311 481 2348 donec
499 2310 560 2348 ille
580 2305 685 2347 e‘iceat
703 2311 841 2348 doum.-
878 2309 939 2349 Tu
959 2325 1113 2363 sequere
1132 2311 1202 2350 hac
1229 2326 1289 2349 me
1319 2314 1433 2350 intus.
1488 2311 1666 2350 Chremes
1696 2325 1795 2350 nunc
1822 2320 1877 2349 est
1904 2312 1944 2349 in
1969 2311 2110 2361 redibus
2128 2311 2222 2365 Gly-

167 2365 268 2409 cerii,
290 2373 350 2411 tu,
375 2362 496 2408 Dave,
515 2363 574 2400 abi
594 2363 757 2402 domum.
814 2362 975 2403 Festina.
1031 2365 1187 2404 Accerse
1206 2366 1315 2411 viros,
1335 2366 1398 2416 qui
1418 2379 1498 2403 cam
1528 2365 1693 2404 auferant
1720 2378 1764 2402 ex
1789 2365 1914 2411 domo,
1936 2364 2001 2403 ubi
2020 2377 2120 2403 nunc
2147 2373 2220 2412 est,

167 2427 206 2455 et
222 2414 275 2456 ad'
287 2430 354 2455 nos
380 2414 602 2455 transferant
617 2431 625 2453 ε
653 2417 743 2466 quid
760 2424 833 2455 stas
851 2418 1053 2455 immotus?
1084 2419 1172 2468 quid
1200 2419 1313 2456 tardas
1328 2420 1343 2457 ἓ

1401 2419 1477 2456 Da.
1506 2417 1575 2456 Eo.
1629 2416 1692 2454 Ne
1723 2418 1959 2469 exspectetis,
1985 2426 2223 2469 spectatores,

166 2471 255 2508 <lum
274 2468 348 2508 huc
367 2465 501 2507 exeant
519 2470 558 2506 in
577 2470 811 2520 proscenium
830 2480 970 2509 actores
993 2471 1127 2508 nostri:
1156 2472 1256 2508 intus
1279 2472 1461 2522 sponsalia
1478 2472 1592 2509 fient:
1623 2471 1723 2509 intus
1743 2470 1790 2508 de
1807 2470 1896 2526 dote
1912 2467 2157 2518 Philumenae,
2175 2471 2221 2509 de

169 2522 356 2584 Chrys-ldis
385 2521 613 2568 haereditare,
643 2522 761 2574 deque
791 2525 934 2562 caeteris
956 2522 1083 2570 rebus,
1111 2526 1322 2572 conveniet,
1348 2535 1383 2562 et
1412 2525 1644 2577 transigetur.
1695 2522 1880 2564 Plaudite.
1934 2522 2138 2578 Calliopius
2166 2536 2222 2562 re-

168 2589 285 2615 censu!
293 2605 300 2614 ·

979 2740 1423 2783 ANNOTATIO'NES.

225 2896 246 2926 ⁸2
276 2886 363 2935 Sed,
381 2889 471 2939 quid
497 2888 590 2927 mihi
615 2888 809 2939 obtigerit]
869 2886 954 2927 Hoc
973 2888 1101 2928 Davus
1120 2889 1174 2928 di-

171 2941 224 2979 cit
243 2941 293 2979 de
309 2942 463 2980 vinculis
482 2940 647 2979 ridicule.

224 3002 246 3032 3
276 2995 384 3033 More
414 2995 602 3033 hominum
633 2993 777 3045 caenia]
835 2992 939 3036 Quia
965 2994 1062 3033 sama
1086 2994 1172 3033 mali

169 3047 323 3085 celerior
349 3056 418 3094 est,
438 3048 548 3098 quam
576 3047 689 3092 boni;
717 3046 753 3099 id
782 3055 852 3094 est,
871 3049 1008 3095 evenit,
1023 3059 1067 3086 ut
1085 3049 1173 3086 flaci-

170 3099 241 3138 lius
261 3100 354 3138 mala
372 3113 483 3151 quam
498 3101 595 3139 bona
611 3100 846 3138 nuntientur.

172 3156 173 3159 ’
224 3162 248 3194 9
274 3151 384 3191 Solus
411 3159 476 3199 est,
502 3166 607 3204 quem
635 3151 795 3202 diligunt
822 3152 901 3202 dii]
958 3149 1172 3205 Hyperbole

168 3204 213 3243 de
234 3206 367 3257 magna
395 3206 549 3255 alicujus
573 3205 762 3244 felicitate.
816 3202 980 3243 Illustres
1007 3218 1173 3256 quosque

168 3256 310 3304 heroas,
328 3258 479 3296 deornm
501 3259 611 3305 filios,
636 3268 828 3309 cognatos,
848 3267 886 3295 et
903 3259 1040 3296 amicos
1062 3259 1173 3296 fuisse

170 3310 354 3349 fabulatur
381 3312 596 3360 antiquitas,
626 3321 668 3348 ut
692 3309 896 3348 Herculem
913 3309 1017 3349 Jovis
1039 3311 1171 3357 filium,

170 3361 327 3401 AEneam
343 3362 514 3409 Veneris,
527 3364 738 3413 multosque
754 3364 857 3402 alios.

225 3424 270 3455 15
304 3415 378 3454 Qui
405 3416 575 3467 aufirant
603 3416 712 3465 cam]
768 3415 884 3468 Virgo
910 3415 1044 3467 nuptui
1074 3414 1171 3462 data,

168 3469 322 3518 antiquo
357 3469 432 3507 ritu
477 3468 717 3507 simulabatur
761 3483 805 3506 ex
847 3470 989 3519 gremio
1033 3467 1173 3513 matris,

168 3530 230 3558 sut
266 3522 298 3557 si
334 3535 375 3559 cu
411 3521 569 3568 deesset,
603 3535 647 3559 ex
691 3523 855 3573 proxima
901 3520 1173 3558 necessitudine

167 3573 323 3610 muliere
359 3575 455 3625 rapi;
502 3575 590 3611 inde
621 3574 664 3612 ad
705 3576 823 3611 virum
861 3572 1171 3612 transferebatur:

164 3626 261 3675 quod
293 3639 335 3663 ea
359 3639 416 3664 res
447 3626 610 3665 Romulo
640 3629 789 3676 suisque
815 3625 969 3664 Sabinas
995 3625 1172 3678 rapienti-

167 3676 413 3767 i1³9⁵..f‘ssliciugu·
430 3681 612 3719 cessisset.
639 3674 641 3676 ¹
666 3677 756 3723 Qua
786 3680 984 3732 respiciens
1003 3679 1172 3717 Catullus

192 3739 255 3768 leit
273 3744 283 3765 ,τ

1279 2890 1351 2928 Qui
1368 2892 1467 2941 rapis
1485 2895 1643 2928 teneram
1661 2889 1715 2927 ad
1726 2888 1847 2927 virum
1866 2887 2056 2939 virginem.

1226 2939 1271 2979 In
1292 2940 1542 2994 Epithalamio
1561 2940 1699 2979 Manlii
1712 2950 1751 2979 et
1767 2939 1893 2979 Juliae.

1282 3001 1324 3038 17
1355 2995 1555 3044 Plaudite]
1612 2991 1786 3033 Plaudere
1818 2992 1970 3031 verbum
2005 3001 2062 3032 est
2095 2996 2224 3032 textri-

1225 3061 1325 3094 cum,
1359 3047 1502 3086 Graecis
1543 3046 1690 3097 σπαθξίν
1719 3046 1777 3085 vel
1819 3046 1975 3099 xpoaeetv:
2020 3048 2106 3085 cum
2146 3045 2226 3085 illas

1225 3100 1350 3139 licium
1377 3100 1527 3139 densius
1555 3101 1758 3145 inculcant,
1784 3109 1825 3138 et
1851 3113 1937 3138 cum
1969 3098 2101 3152 plausu
2118 3098 2224 3138 colli-

1225 3153 1332 3191 dunt.
1385 3150 1471 3192 Hoc
1488 3153 1646 3202 ⁸verbum
1665 3153 1777 3190 etiam
1795 3153 1835 3190 in
1849 3151 2035 3191 theatrum
2053 3152 2225 3203 migravit

1225 3217 1370 3257 postea:
1400 3219 1518 3256 eoque
1536 3207 1694 3258 peractis
1711 3203 1844 3243 fabulis
1857 3215 2085 3257 spectatores
2098 3205 2223 3243 dimit-

1226 3259 1416 3296 rebantur:
1455 3260 1580 3297 Valere
1598 3258 1717 3306 enim,
1734 3267 1773 3295 et
1797 3259 1969 3310 plaudere
1983 3257 2227 3307 jubebantur,

1225 3324 1306 3361 qnae
1321 3312 1428 3349 verim
1445 3308 1502 3348 vel
1521 3311 1542 3349 ὲ
1558 3322 1670 3363 grege
1687 3309 1929 3358 histrionum,
1942 3311 1998 3349 vel
2017 3309 2064 3348 ab
2081 3310 2124 3348 efi
2143 3321 2225 3362 per-

1225 3364 1329 3410 sona,
1356 3377 1439 3415 qum
1467 3374 1653 3414 postrema
1680 3365 1718 3402 in
1745 3377 1895 3403 scenam
1911 3363 2224 3409 introducebatur,

1225 3417 1562 3507 Honnnciabautur
1576 3433 1586 3463 ;
1616 3428 1659 3455 ut
1688 3417 1812 3455 videre
1835 3427 1890 3456 cst
1916 3416 2017 3468 apud
2039 3413 2224 3459 Plautum.

1270 3478 1357 3507 orat.
1377 3470 1416 3507 in
1435 3468 1527 3507 Arte
1545 3484 1553 3507 z

1280 3522 1407 3561 Donec
1424 3528 1562 3569 cantor,
1577 3522 1614 3560 id
1629 3531 1699 3569 est,
1717 3528 1829 3569 actor,
1850 3534 1911 3562 vos
1923 3522 2101 3575 plaudite,
2115 3520 2224 3572 dicat.

1226 3572 1365 3613 Cantor
1383 3583 1440 3612 est
1466 3585 1578 3614 actor.
1631 3575 1812 3627 Apuleius
1829 3576 2015 3627 eleganter
2032 3581 2070 3612 8.
2088 3571 2226 3612 Florid.

1224 3627 1492 3667 Renzmdavere
1518 3629 1665 3680 poi-'eam
1691 3628 1824 3667 dixisse
1848 3631 1952 3667 rebus
1973 3626 2141 3665 hunmnis
2161 3637 2227 3664 va·

1225 3681 1308 3726 lere,
1326 3687 1362 3718 et
1381 3681 1583 3732 plaudere5
1609 3682 1685 3719 suis
1711 3682 1797 3720 verb
1807 3680 2066 3732 familiaribus
2095 3678 2225 3723 dolaere.

1227 3739 1258 3771 et
1274 3734 1462 3782 plangere.
1640 3733 1644 3736 ’
