2352 3952
1084 203 1638 272 PROLEGOME'NA

910 355 1038 405 Idem
1062 345 1433 420 Declamat01X.
1454 335 1829 408 siveiGladiaeor.
1945 402 1948 406 .
2079 318 2082 323 Ι
2215 356 2236 367 x

576 439 867 498 Terentium,
903 456 1043 503 quem
1090 441 1213 489 inter
1259 453 1457 493 caeteros
1502 446 1731 510 captivos,
1780 441 1990 492 secundo
2039 438 2225 489 Punico

514 506 657 560 bello,
694 506 855 582 Scipio
889 506 1146 555 Africanus
1179 509 1381 557 vinculis
1416 512 1677 570 exolverat,
1712 511 1955 559 memoriae
1990 507 2223 554 tradidere

509 572 729 632 majores,
765 572 942 634 insigne
966 584 1171 638 receptae
1206 576 1437 626 libertatis
1460 577 1585 640 pileo
1607 585 1870 636 testantem,
1894 577 1940 623 in
1977 573 2222 643 triumpho

509 637 646 684 ducis
666 654 765 686 esse
785 650 1114 705 conspectum.

1040 746 1261 803 Pramus,
1285 749 1362 798 lib.
1384 749 1419 797 1.
1443 752 1569 812 epist.
1595 748 1694 798 xvi.

571 831 707 895 Legit
740 832 853 880 mihi
891 848 1042 899 nuper
1074 835 1315 899 epistolas,
1341 851 1457 899 quas
1494 834 1657 883 uxoris
1691 850 1787 880 esse
1821 834 2040 881 dicebat:
2077 831 2223 878 Plau

507 903 608 946 tum
634 900 705 946 vel
727 901 1004 985 Terentium
1023 913 1172 950 metro
1192 903 1401 950 solutum
1423 903 1514 966 legi
1539 901 1737 950 credidi.

1003 1006 1270 1064 Acutius,
1295 1006 1502 1058 lib.V11.
1526 1021 1625 1071 cap
1648 1007 1743 1055 xiv.

570 1093 697 1140 Vera
714 1099 873 1141 autem
892 1102 938 1141 et
954 1096 1147 1159 propria
1164 1095 1436 1158 hujusmodi
1462 1092 1720 1145 formarum
1743 1092 1998 1156 exempla
1986 1109 2033 1138 in
2051 1084 2221 1139 Latina

504 1159 667 1220 lingua
692 1161 765 1209 Μ.
792 1162 948 1208 Varro
971 1178 1069 1209 esse
1093 1163 1226 1219 dicit,
1251 1162 1480 1211 ubertatis
1518 1161 1797 1219 Pacuvium,
1823 1159 2102 1222 gracilitatis
2126 1160 2222 1206 Lu-

505 1227 689 1285 cilium,
713 1227 1053 1312 mediocritatis
1075 1230 1367 1278 Terentium.

1036 1336 1166 1383 Idem
1187 1334 1264 1384 leb.
1286 1335 1447 1384 XVII.
1468 1350 1569 1400 cap.
1590 1335 1692 1383 xxi.

571 1421 744 1486 Neque
777 1439 947 1486 magno
979 1424 1228 1472 intervallo
1276 1432 1438 1488 postea
1472 1424 1536 1481 Q.
1578 1424 1772 1480 Ennius,
1807 1431 1852 1471 et
1889 1421 2036 1498 jux-ta
2070 1421 2229 1469 Caeci-

502 1487 594 1536 lius
627 1497 676 1535 et
707 1489 977 1547 Terentius,
1010 1507 1070 1540 ac
1104 1492 1304 1540 subinde
1341 1492 1610 1548 Pacuvius;
1651 1501 1699 1538 et
1738 1491 1944 1538 Pacuvio
1972 1490 2075 1551 jam
2112 1504 2221 1534 sene

501 1555 700 1669 pccius,
733 1556 1005 1622 clariorque
1051 1549 1102 1612 ih
1151 1559 1383 1624 poematis
1430 1574 1596 1608 eorum
1644 1557 1964 1614 obtrectandis
2002 1554 2228 1606 Lucilius

525 1621 607 1669 uit.

887 1688 1132 1739 Ausonius
1156 1692 1203 1740 in
1231 1691 1505 1754 Protreptico
1528 1690 1594 1738 ud
1614 1691 1837 1754 Nepotem.

570 1774 637 1821 Tu
660 1790 830 1840 quoque
851 1779 931 1840 qui
955 1777 1132 1826 Latium
1151 1779 1260 1826 lecto
1283 1794 1487 1833 sermone,
1513 1779 1704 1832 Terenti,

569 1837 717 1887 Comis
736 1851 781 1888 et
802 1841 1254 1906 adstrictopercuwis
1265 1844 1452 1907 pulpita
1473 1859 1617 1897 socco,

563 1905 646 1954 Ad
664 1919 778 1954 nova
796 1908 877 1954 vix
895 1923 1124 1955 memorem
1147 1907 1350 1957 diverbia
1373 1918 1483 1971 coge
1503 1918 1731 1957 senectam.

967 2014 1215 2067 Lacum.
1235 2012 1434 2073 defalsd
1456 2028 1549 2079 sap.
1567 2028 1669 2078 cap.
1693 2014 1756 2062 iv.

568 2099 723 2148 Nemo
747 2105 905 2162 potest
938 2101 996 2148 de
1029 2117 1078 2148 se
1111 2103 1241 2148 recte
1259 2138 1262 2139 γ
1267 2100 1506 2163 judicare.
1575 2099 1720 2157 Quod
1757 2099 1928 2148 nobilis
1961 2105 2103 2163 poeta
2131 2108 2223 2148 tes·

499 2163 647 2226 tatur,
673 2166 741 2215 ita
761 2168 887 2215 enim
911 2176 1238 2231 comparatam
1262 2183 1364 2217 esse
1388 2168 1634 2216 hominum
1659 2176 1901 2226 naturam,
1927 2166 2022 2215 ὄις.

1075 2274 1320 2322 ΕυεΕΒιυε
1344 2275 1393 2322 in
1412 2273 1645 2322 Chronico.

566 2360 811 2410 Ptolemaei
835 2362 922 2410 VI.
946 2362 994 2409 id
1027 2369 1097 2409 est
1121 2361 1455 2413 Philometoris
1480 2377 1623 2424 regno
1647 2361 1846 2409 decessit
1879 2361 1932 2408 Ρ.
1956 2359 2223 2418 Terentius,

501 2443 597 2490 quo
634 2429 843 2493 tempore
875 2429 1191 2488 Aristarchus,
1234 2429 1609 2479 Homericorum
1651 2428 1733 2476 ille
1779 2444 2002 2476 versuum
2038 2442 2220 2484 censor,

501 2495 675 2543 floruit.

833 2561 1044 2609 Hmaou.
1064 2565 1113 2609 in
1137 2561 1373 2618 Chronico,
1402 2561 1568 2625 olymp.
1600 2565 1705 2610 155.
1729 2577 1832 2608 ann.
1859 2566 1903 2608 3.

568 2648 623 2695 Ρ.
656 2647 903 2695 Terentius
948 2647 1331 2712 Carthaginensis
1376 2647 1731 2695 Comoediarum
1777 2648 1995 2711 scriptor,
2039 2649 2101 2694 ob
2150 2647 2222 2694 in·

500 2715 690 2777 genium
724 2722 773 2761 et
803 2716 1003 2765 formam
1040 2715 1260 2764 libertate
1294 2716 1517 2772 donatus,
1551 2715 1599 2762 in
1625 2715 1833 2762 Arcadia
1867 2715 2102 2761 moritur:
2139 2714 2220 2776 qui

499 2780 737 2895 primulm
729 2783 979 2842 Andriam,
1012 2791 1265 2848 antequam
1302 2781 1555 2842 AEdilibus,
1587 2781 1786 2830 Caecilio
1818 2782 2020 2829 multum
2055 2797 2103 2827 se
2137 2781 2221 2827 mi—

502 2848 624 2896 ranti
668 2848 778 2910 egit.

898 2935 1037 2989 Idem,
1061 2935 1118 2982 de
1137 2937 1302 2999 optimo
1316 2951 1475 2998 genere
1497 2934 1834 2997 interpretandi.

570 3022 825 3070 Terentius
853 3021 1190 3080 Menandrum,
1230 3023 1431 3072 Plautus
1464 3029 1514 3070 et
1537 3019 1758 3068 Caecilius
1792 3028 1969 3067 veteres
2000 3019 2221 3067 Comicos

503 3089 800 3152 interpretati
835 3096 975 3136 sunt:
1014 3089 1247 3165 numquid
1282 3090 1462 3139 haerent
1496 3089 1543 3137 in
1577 3088 1764 3135 verbis?
1797 3104 1853 3136 ac
1887 3103 1979 3134 non
2004 3087 2220 3134 decorem

504 3156 652 3218 magis
685 3166 734 3202 ct
764 3156 1045 3218 elegantiam
1082 3157 1131 3205 in
1164 3159 1469 3230 translatione
1491 3165 1785 3215 conservant,
1808 3170 1952 3218 quam
1979 3153 2222 3211 veritatem

505 3222 926 3288 interpretationis.

981 3303 1109 3350 Idem
1132 3303 1197 3351 ad
1219 3304 1408 3351 Samiam
1432 3312 1474 3349 et
1492 3302 1742 3350 Fretellam.

572 3390 714 3438 Hanc
751 3405 851 3436 esse
885 3389 1096 3452 regulam
1133 3390 1245 3437 boni
1280 3389 1566 3452 interpretis,
1604 3397 1658 3435 ut
1692 3388 1869 3434 idioma
1902 3387 2095 3434 alterius
2127 3385 2222 3434 lin-

506 3473 624 3517 guoe,
659 3473 758 3505 suae
792 3457 967 3518 linguae
1002 3457 1238 3519 exprimat
1273 3458 1585 3520 proprietate:
1632 3455 1760 3518 quod
1798 3455 1987 3516 quidem
2025 3465 2070 3501 et
2104 3453 2221 3499 Tu!-

503 3525 622 3571 lium
657 3523 705 3570 in
743 3525 998 3585 Protagora
1032 3523 1260 3579 Platonis,
1296 3531 1344 3571 et
1377 3524 1424 3570 in
1458 3522 1773 3569 OEconomico
1799 3521 2144 3583 Xenophontis,
2177 3529 2222 3565 et

509 3591 844 3637 Demosthenis
878 3599 1046 3638 contra
1080 3590 1348 3638 AEschinem
1385 3589 1594 3636 oratione
1619 3589 1780 3635 fecisse
1813 3588 2150 3639 convincimus,
2175 3598 2220 3631 et

505 3658 747 3715 Plautum,
770 3657 1062 3714 Terentium,
1087 3657 1435 3723 Caeciliumque
1458 3655 1796 3705 eruditissimos
1821 3656 1941 3703 viros
1965 3655 2012 3700 in
2041 3651 2228 3700 Graecis.

506 3725 767 3773 Comoediis
791 3724 1140 3774 transferendis.
