2314 3944
106 148 213 210 272

101 288 188 326 eum
216 285 437 328 Philumena
467 288 558 339 ipsa,
591 299 674 335 qum

99 341 263 392 iniquam
285 354 372 392 erga
404 353 463 377 me
490 353 529 376 se
547 339 675 390 gessit,

85 394 206 444 eque
239 393 285 431 de
315 407 375 431 me
406 393 474 430 tibi
503 391 677 442 praedica-

96 447 208 491 iwerin
265 458 385 494 neque
432 457 490 481 me
531 455 675 480 causam

97 495 189 536 huic
249 498 406 536 divortio
458 496 674 546 praebuisse,

96 551 186 589 deos
220 560 334 588 testes
372 549 522 586 advoco.
599 546 674 585 Sed

97 603 394 654 quandoquidem
422 602 579 651 seipsam
611 614 674 638 ex-

96 657 238 694 istimat
257 655 366 699 tanti,
393 662 436 691 ut
455 653 550 691 nolit
569 653 674 690 obse—

96 707 252 746 cundare
279 707 385 745 matri
406 719 514 752 meae,
542 715 578 743 et
596 718 675 744 rem

95 761 285 812 indignam
303 770 384 796 esse
402 767 523 810 putat,
535 759 565 796 si
582 759 615 796 ei
635 771 674 795 se

80 812 304 858 submittat,
323 812 474 862 ejusque
502 822 675 848 senectu-

92 867 142 902 tis
173 878 295 903 mores
332 864 518 902 moderate
554 863 672 909 femt;

95 929 218 968 neque
246 919 344 955 inter
375 930 434 954 eas
461 916 534 954 alio
565 917 675 954 modo

93 971 212 1022 gratia
227 969 454 1008 reconciliari
470 970 600 1020 possit,
617 970 675 1006 ni-

93 1024 126 1061 si
159 1024 266 1062 matri
291 1037 331 1060 se
360 1022 571 1067 submittam
609 1031 674 1061 aut

52 1081 53 1084 ’
90 1076 321 1127 sejungenda
338 1084 454 1114 mater
473 1083 530 1112 est
550 1074 572 1113 a
598 1088 674 1121 me,

92 1126 294 1181 Phidippe,
335 1137 399 1166 aut
438 1125 672 1166 Philumena.

40 1183 43 1186 ’
93 1179 212 1219 Nune
249 1181 388 1233 pietate
430 1193 594 1226 moveor,
630 1189 674 1218 ut

94 1234 400 1286 potiusxquoeram
428 1234 528 1284 quod
553 1233 674 1285 placet

95 1287 220 1332 matri,
236 1296 275 1325 et
292 1287 326 1324 ei
352 1285 585 1324 commodum
607 1295 674 1324 est.

95 1339 167 1378 La.
189 1337 399 1391 Pamphile,
417 1339 580 1378 libenter
610 1352 674 1376 au-

94 1392 195 1430 ribus
202 1393 325 1443 accepi
334 1405 542 1430 sermonem
551 1401 674 1438 tuum,

95 1445 183 1483 cum
197 1455 249 1482 -te
278 1445 384 1483 video
415 1443 673 1496 posthabuisse

97 1510 229 1536 omnes
246 1511 304 1536 res
323 1498 527 1535 commodis
548 1498 673 1535 matris

96 1560 186 1588 tuse.
285 1549 424 1588 Verum
478 1549 676 1602 diligenter

95 1604 280 1655 perspice,
299 1616 347 1641 ne
365 1603 418 1641 ira
447 1603 619 1640 incitatus
636 1604 676 1641 in

96 1656 162 1695 tua
179 1657 365 1694 sententia
391 1656 678 1708 iniqueperma-

86 1722 202 1761 meas,
235 1707 442 1761 Pamphile.
482 1709 553 1746 Pa.
580 1706 678 1751 Qui-

97 1761 254 1800 busdam
274 1762 339 1800 iris
367 1760 548 1813 impulsus
576 1774 676 1799 nunc

99 1827 160 1852 me
189 1827 275 1865 erga
291 1828 372 1852 eam
389 1815 515 1866 inique
541 1815 672 1866 agam?

100 1880 186 1918 quae
238 1880 428 1918 nunquam
475 1867 676 1918 quidquam

100 1919 188 1958 mali
224 1933 311 1972 erga
345 1933 405 1958 me
439 1921 675 1966 commeruit,

99 1985 222 2023 neque
241 1973 426 2010 commisit
452 1973 551 2024 quod
580 1971 674 2011 mihi

99 2024 297 2077 displicet3
335 2033 373 2063 et
403 2037 502 2076 soepe
538 2025 584 2063 de
614 2038 674 2063 me

98 2077 196 2115 bene
213 2078 379 2116 meritam
412 2091 506 2124 esse,
525 2086 564 2116 et
581 2091 676 2130 proe-

97 2131 249 2178 stitisse,
278 2130 377 2182 quod
415 2130 590 2182 placeret,
611 2136 617 2148 ¹
635 2132 674 2170 in

98 2183 277 2222 memoria
315 2182 461 2230 habeo3
503 2196 676 2235 amoque,

97 2245 136 2273 et
163 2235 286 2282 laudo,
305 2245 342 2274 et
369 2237 448 2286 ejus
472 2236 676 2275 retinendae

97 2287 279 2327 desiderio
306 2299 454 2334 teneor;
483 2291 676 2372 nargsin-

97 2341 232 2392 gislari,
270 2351 308 2380 et
341 2343 494 2382 mirifica
534 2343 676 2393 inoenii

97 2394 396 2444 mansuetudine,
427 2405 468 2432 et
501 2395 675 2447 benigni-

96 2455 172 2484 tate
204 2459 291 2498 erga
313 2461 372 2487 me
390 2461 492 2489 usam
513 2461 590 2486 esse
613 2461 675 2486 ex—

97 2508 226 2550 pertus
246 2513 348 2539 sum:
374 2501 506 2550 illique
526 2514 571 2540 ex
596 2502 675 2538 ani-

97 2565 160 2591 mo
191 2562 297 2604 opto,
327 2563 368 2599 ut
399 2555 559 2605 reliquos
591 2553 675 2592 vitae

98 2617 214 2654 annos
234 2606 402 2644 traducat·
420 2620 504 2644 cum
534 2619 579 2644 eo
597 2620 673 2644 ma·

98 2657 182 2703 rito,
200 2659 264 2709 qui
283 2672 343 2697 me
370 2660 417 2697 sit
443 2659 598 2705 felicior,
625 2661 674 2697 si-

83 2710 247 2760 ·quidem
268 2711 372 2750 illum
401 2711 422 2750 ὲ
448 2725 507 2749 me
531 2712 674 2750 divellit

98 2765 306 2801 necessitas.
352 2765 421 2802 Pla.
445 2763 490 2802 In
517 2766 582 2802 ma
606 2778 675 2816 po-

96 2823 230 2854 testate
262 2826 333 2861 em,
361 2827 405 2854 ut
425 2831 499 2854 non
529 2818 674 2855 divella-

96 2876 170 2906 tur.
249 2870 319 2907 La.
361 2867 404 2906 Si
448 2871 533 2907 satis
578 2883 675 2908 sanae

96 2921 234 2959 mentis
251 2935 306 2967 es,
325 2920 382 2959 fac
400 2930 442 2959 ut
470 2923 673 2961 reducatur.

95 2972 167 3012 Pa,
196 2972 283 3012 Non
314 2975 363 3011 ita
392 2973 482 3012 mihi
503 2977 674 3026 proposui

96 3025 240 3064 facere:
287 3027 351 3064 sed
386 3029 511 3078 potius
547 3029 673 3065 matris

95 3079 289 3117 commoda
305 3080 448 3117 sectari.
487 3081 554 3118 La.
584 3079 674 3122 Quo

97 3131 204 3169 abis?
235 3145 358 3176 mane,
374 3145 482 3170 mane
501 3133 670 3183 inquam:

95 3185 173 3234 qu&
187 3184 291 3222 abis?
322 3185 392 3223 Ph.
411 3183 510 3228 Quae
523 3195 579 3223 est
592 3183 672 3222 haee

734 145 791 196 P.
825 141 1173 196 TERENTII
1210 103 1528 201 H‘ECYRA.

729 284 860 336 Cum
888 284 990 348 illa,
1016 302 1129 353 quae
1157 303 1292 336 nunc
1309 285 1370 337 in
1395 303 1478 337 me
1503 287 1674 358 iniqua
1696 298 1789 355 est,
1811 309 1953 362 aequa
1976 292 2039 344 de
2063 300 2148 344 me

873 355 1082 418 dixerit3
1544 398 1547 400 -
1728 395 1747 411 -,
2077 369 2147 414 25

729 426 914 495 Neque
947 429 1062 478 mea
1085 428 1237 496 culpa
1260 426 1357 479 hoc
1382 426 1641 479 dissidium
1665 431 1901 498 evenisse,-
1924 433 1975 484 id
1997 441 2150 485 testor

803 519 805 521 ¹
870 497 1007 549 deos·
1721 531 1723 533 -

727 564 829 618 Sed
855 569 1053 636 quando
1079 587 1183 619 sese
1205 585 1309 619 esse
1329 567 1589 636 indignam
1612 568 1816 638 deputat
1834 574 1981 626 matri
2003 587 2148 637 meae‚

728 638 823 688 Cui
852 639 1111 702 concedat,
1138 639 1277 707 eujus
1304 656 1465 690 mores
1491 641 1670 690 toleret
1693 641 1784 692 sua
1805 644 2075 712 modestia:

728 709 908 778 Neque
928 710 1027 761 alio
1052 722 1200 779 pacto
1220 721 1380 779 potest
1401 709 1639 780 componi
1666 711 1795 762 inter
1817 730 1898 764 eas
1914 716 2074 782 gratia
2095 732 2111 780 ς

728 779 1050 850 Segreganda
1073 793 1162 832 aut
1186 794 1343 832 mater
1360 782 1391 830 a
1410 799 1492 832 me
1518 791 1608 845 est,
1633 781 1899 852 Phidippe,
1917 795 2004 838 aut
2026 786 2148 838 Phi-

869 853 1107 905 lumena:
2077 862 2151 909 30

727 921 882 973 Nunc
908 941 991 974 me
1025 924 1182 992 pietas
1219 922 1390 974 matris
1414 921 1577 992 potius
1614 925 1942 978 commodum
1977 927 2150 980 suadet

870 1012 922 1045 se
959 1013 1031 1047 ui.

727 1063 829 1117 La.
870 1013 1152 1134 Paqmpbile,
1175 1064 1315 1116 haud
1352 1064 1510 1117 invito
1533 1065 1607 1117 ad
1643 1083 1786 1120 aures
1822 1079 1986 1131 sermo
2021 1067 2150 1122 mihi

868 1137 1077 1188 accessit
1097 1147 1227 1199 tuuS‚
1936 1139 2152 1208 [tellige.

727 1207 859 1258 Cum
909 1218 963 1258 te*
1002 1210 1312 1278 postputasse
1355 1225 1530 1258 omnes
1576 1226 1651 1259 res
1692 1206 1799 1278 prae'
1832 1220 2038 1278 parente
2074 1211 2152 1262 in·-

726 1278 916 1330 Verum
942 1279 1075 1343 vide,
1099 1296 1163 1330 ne
1187 1279 1430 1347 impulsus
1467 1279 1540 1330 ira
1576 1284 1725 1348 prave
1754 1281 1963 1346 insistaS,
1999 1281 2150 1334 Pam-

866 1349 1022 1417 phile.
1051 1381 1059 1389 ·
1102 1380 1105 1384 ·
1209 1364 1211 1367 ’
1990 1353 2148 1422 [sim?

728 1421 831 1477 Pa.
873 1420 1070 1476 Quibus
1107 1421 1190 1474 iris
1233 1438 1371 1473 nunc
1408 1421 1462 1472 in
1498 1421 1638 1474 illam
1677 1422 1920 1491 impulsus
1955 1422 2150 1493 iniquu’

727 1491 862 1547 Qua>
881 1510 1150 1562 ¹nunquam
1177 1493 1450 1563 quidquam
1476 1511 1593 1562 erga
1629 1511 1711 1545 me
1748 1493 2043 1547 commerita
2059 1504 2152 1558 est,

869 1575 1027 1632 pater,
1239 1606 1241 1608 .
2081 1571 2151 1616 36

729 1633 886 1689 Quod
910 1637 1130 1700 nollem3
1157 1647 1208 1687 et
1223 1653 1373 1704 saepe,
1392 1636 1526 1705 quod
1545 1637 1752 1699 nollem,
1773 1636 2006 1689 meritam
2021 1635 2149 1700 seim

729 1706 980 1775 Amoque,
1004 1718 1054 1757 et
1079 1708 1245 1772 laudo,
1269 1718 1321 1759 et
1346 1708 1666 1759 vehementer
1689 1708 1942 1761 desidero:

728 1775 863 1829 Nam
891 1777 1040 1829 fuisse
1065 1795 1182 1846 erga
1208 1797 1290 1830 me
1317 1778 1444 1830 miro
1469 1779 1676 1847 ingenio
1699 1779 1923 1848 expertu'
1948 1797 2092 1831 sum:

727 1846 910 1917 Illique
935 1860 1134 1918 exoptO,
1159 1858 1216 1900 ut
1241 1849 1484 1918 reliquam
1511 1852 1663 1902 vitam
1690 1850 1861 1918 exigat
2080 1854 2153 1902 40

729 1918 859 1969 Cum
888 1938 949 1970 eo
974 1920 1098 1982 vire,
1121 1938 1204 1972 me
1230 1920 1316 1988 qui
1335 1921 1399 1971 sit
1422 1919 1745 1984 fortunatior}

730 1989 1152 2059 Quandoquidem
1178 1991 1316 2042 illam
1344 1994 1374 2041 a
1396 2003 1482 2042 'me
1507 1991 1735 2043 distrahit
1759 1983 2042 2045 necessitas·

728 2058 833 2112 Ph.
869 2061 985 2113 Tibi
1012 2061 1066 2113 in
1091 2079 1246 2114 manu
1271 2073 1360 2126 est,
1387 2079 1449 2112 ne
1474 2061 1576 2114 fiat.
1615 2062 1716 2115 La.
1741 2062 1783 2115 si
1807 2081 1954 2114 sanus
1978 2064 2090 2128 sica,

727 2131 762 2185 J
767 2134 863 2183 ube
889 2132 1029 2184 illam
1050 2132 1225 2184 redire.
1263 2132 1367 2184 Pa..
1393 2151 1493 2184 non
1521 2145 1593 2184 est
1617 2134 1904 2197 consilium,
1928 2147 2101 2204 pater:

727 2203 908 2255 Matris
926 2204 1118 2256 servibo
1135 2203 1431 2256 commodis.
1470 2199 1566 2256 La.
1585 2205 1684 2273 quo
1699 2205 1834 2256 abis?
1874 2223 2042 2270 mane,
2081 2207 2152 2258 45

728 2275 903 2339 Mane,
929 2275 1136 2344 inquam
1157 2295 1168 2328 ;
1207 2276 1306 2345 quo
1331 2275 1499 2328 vadis?
1541 2277 1640 2328 Ph.
1661 2294 1775 2346 quae
1798 2276 1910 2328 haec
1933 2276 2153 2346 pertina-

871 2347 950 2398 cia
974 2349 1081 2398 est?
1598 2347 1602 2354 ’
1970 2349 2112 2417 [eum
2134 2347 2154 2396 ?

727 2418 828 2470 La.
874 2418 1069 2481 Dixin’,
1092 2418 1359 2490 Phidippe,
1377 2418 1508 2470 hanc
1531 2420 1641 2471 rem
1656 2421 1790 2488 aegre
1808 2421 2028 2471 laturum
2048 2433 2153 2469 esse

729 2489 1074 2546 Quamobrem
1099 2501 1150 2539 te
1173 2492 1394 2552 orabam,
1417 2498 1475 2540 ut
1498 2489 1655 2542 filiam
1681 2490 1974 2542 remitteres,

728 2559 834 2611 Ph.
870 2560 993 2611 Non
1019 2561 1204 2613 credidi
1230 2561 1424 2629 aedepol
1447 2561 1572 2613 adeo
1597 2561 1938 2613 inhumanum
1958 2562 2094 2613 forez

726 2631 800 2682 Ita
824 2650 958 2683 nunc
986 2632 1024 2683 is
1049 2633 1143 2683 sibi
1168 2631 1673 2701 me'supplicaturum
1699 2633 1878 2701 putat?
2083 2637 2153 2684 50

729 2702 784 2755 Si
811 2712 901 2764 est,
926 2715 982 2754 ut
1001 2703 1121 2754 velit
1141 2704 1378 2755 reducere
1402 2721 1640 2765 uxorem3
1680 2705 1828 2756 licet:

727 2774 818 2824 Sin
844 2774 943 2825 alio
968 2782 1042 2825 est
1064 2773 1252 2838 animo,
1282 2783 1569 2825 renumeret
1595 2775 1763 2826 dotem
1787 2774 1904 2839 huc,
1927 2782 2026 2826 eat.

731 2845 828 2896 La.
864 2844 1006 2896 Ecce
1023 2855 1214 2909 autem,
1234 2856 1290 2896 tu
1309 2863 1510 2913 quoque
1530 2848 1755 2914 proterve
1775 2844 2042 2897 iracundus
2060 2861 2127 2895 es,

728 2916 831 2966 Ph.
869 2916 1240 2967 Percontumax.
1265 2915 1436 2967 redisti
1454 2916 1557 2966 huc
1578 2916 1738 2978 nobiS,
1761 2913 2042 2984 Pamphile.

726 2987 829 3038 La.
864 2987 1095 3038 Decedet
1106 2985 1216 3057 jam
1237 2986 1461 3038 irahaec:
1488 2986 1579 3037 etsi
1598 2986 1776 3037 merito
1798 2985 1945 3036 iratus
1965 2996 2055 3039 est.
2080 2989 2147 3041 55
2195 3033 2198 3035 ,

726 3057 830 3110 Ph.
871 3057 1011 3112 Quia
1034 3059 1297 3126 paululum
1325 3057 1462 3108 vobis
1486 3057 1697 3107 accessit
1721 3056 1972 3124 pecuniae,
2118 3056 2121 3064 '

726 3128 924 3179 Sublati
949 3128 1109 3181 animi
1132 3139 1264 3180 sunt.
1337 3128 1438 3179 La.
1475 3126 1628 3178 etiam
1654 3144 1860 3178 mecum
1885 3126 2088 3197 litigas?

96 3237 233 3274 mentis
251 3236 476 3275 obstinatio?
507 3239 578 3275 La.
599 3237 737 3276 Nonne
756 3240 839 3277 vere
859 3239 928 3277 tibi
946 3239 1036 3286 dixi,
1054 3237 1252 3291 Phidippo,
1267 3239 1480 3285 molestum,
1499 3248 1538 3277 et
1556 3253 1693 3292 aegrum
1710 3240 1787 3279 fore
1802 3238 2010 3292 Pamphilo,
2035 3242 2066 3279 si
2097 3254 2154 3280 re·

95 3290 206 3326 sciret
221 3287 478 3328 Philumenam
494 3291 536 3328 ad
553 3304 614 3329 vos
630 3304 675 3329 ex
689 3291 828 3329 aedibus
846 3293 977 3330 nostris
987 3293 1039 3329 ita
1053 3291 1285 3330 discessisse?
1306 3293 1542 3343 quamobrem
1557 3293 1579 3331 a
1592 3303 1629 3330 te
1645 3294 1830 3344 petebam,
1843 3302 1886 3331 ut
1899 3291 2011 3332 filiam
2025 3290 2071 3332 ad
2085 3306 2153 3332 nos

96 3342 319 3388 remitteres,
338 3351 535 3392 antequam
552 3343 613 3380 ille
642 3343 819 3382 rediisset.
864 3344 934 3381 Ph.
964 3342 1035 3382 Per
1058 3341 1262 3390 Pollucem,
1291 3358 1365 3382 non
1382 3346 1587 3395 suspicatus
1606 3360 1687 3383 sum
1706 3359 1791 3384 eum
1809 3346 1900 3384 adeb
1917 3347 2096 3393 immitem
2115 3357 2153 3384 et

95 3391 257 3432 ferocem
270 3394 368 3432 fore:
399 3398 499 3432 itane
517 3397 547 3432 is
562 3396 632 3433 sibi
653 3409 752 3434 nunc
767 3409 826 3434 me
843 3396 1132 3447 supplicaturum
1154 3397 1338 3448 opinatur,
1357 3408 1399 3434 ut
1413 3411 1562 3435 uxorem
1579 3397 1835 3436 Philumenam
1849 3398 2034 3450 recipiat?
2055 3396 2098 3437 Si
2113 3399 2153 3436 in

96 3456 144 3482 eo
157 3455 228 3491 es·.‚
259 3454 300 3484 ut
317 3447 402 3486 velit
422 3448 495 3485 reci
510 3461 582 3486 *ere
601 3461 751 3487 uxorem
770 3462 888 3494 sumn,
913 3461 979 3499 per
996 3462 1055 3486 me
1074 3450 1107 3485 ci
1127 3447 1237 3487 licet:
1267 3450 1323 3487 sin
1342 3449 1447 3488 aliter
1475 3453 1658 3489 animatus
1675 3459 1745 3497 est,
1764 3460 1802 3488 et
1821 3449 1928 3497 nolit,
1946 3448 2072 3491 reddat
2088 3450 2154 3488 do-

97 3504 191 3543 tem,
210 3498 334 3538 valeat.
387 3501 462 3538 La.
486 3462 586 3539 §cce
607 3510 746 3548 autem,
765 3510 806 3538 tu
826 3514 973 3551 quoque
992 3501 1194 3539 insolenter
1211 3502 1390 3547 irasceris,
1413 3511 1451 3540 et
1475 3503 1520 3541 ad
1541 3504 1628 3542 iram
1649 3516 1850 3555 propensus
1867 3515 1919 3540 es·
1946 3502 2016 3542 Ph.
2029 3499 2155 3541 Pervi-

99 3561 181 3595 cax,
202 3562 235 3593 et
253 3553 420 3600 pertinax
435 3566 478 3590 ex
498 3551 623 3591 Imbro
640 3555 684 3592 ad
708 3567 774 3592 nos
798 3552 954 3600 minsa,
971 3551 1175 3606 Pamphile.
1217 3555 1286 3591 La.
1307 3555 1439 3594 Ambit
1465 3553 1549 3592 haec
1567 3557 1635 3602 ira,
1657 3557 1724 3593 etsi
1745 3569 1820 3594 non
1835 3555 1916 3594 sine
1931 3554 2041 3595 causa
2053 3566 2153 3593 com-

98 3610 222 3639 motus
242 3613 307 3639 xst-
352 3605 418 3642 Ph.
443 3603 543 3647 Quia
567 3605 837 3657 aliquantulum
850 3604 1019 3656 pecuniae
1037 3607 1090 3646 rei
1105 3617 1232 3647 vestra:
1249 3609 1420 3655 accrevit,
1438 3606 1604 3648 elatiores
1630 3609 1771 3658 animo,
1786 3617 1824 3649 et
1853 3605 2057 3649 ferociunt·
2066 3604 2154 3647 &ti

99 3654 197 3710 estis.
227 3655 295 3694 La.-
312 3654 434 3697 Etiam
453 3657 537 3697 lites
555 3658 668 3702 inme
685 3671 833 3713 quoque
853 3659 1041 3699 intendis?
1319 3675 1322 3679 ’
