2314 3944
42 57 53 75 ι*

711 146 945 204 ACTUS
981 147 1078 203 III.
1150 145 1390 202 SCENA
1424 145 1523 201 III.

87 295 270 354 Dicis?
309 303 398 361 est,
421 292 593 347 inveni
625 293 878 363 quandam
904 311 1079 364 nuper.
1156 291 1252 346 Ch.
1278 292 1412 361 frugi
1433 309 1516 344 es:

234 368 375 432 cedo,
396 366 518 436 quid
541 365 593 417 id
611 367 718 417 est?

91 441 181 514 Sy.
217 439 423 502 Dicam,
457 438 630 488 verum
666 446 723 488 ut
755 437 894 490 aliud
926 455 989 489 ex
1017 435 1118 488 alio
1141 433 1336 489 incidit.
1416 434 1512 489 Clz.

233 510 493 580 quidnam,
516 509 673 577 Syre?
750 537 757 543 -

21 619 30 627 .
93 582 182 654 Sy.
205 581 428 635 Pessima
445 578 556 641 haec
582 589 657 631 est
679 580 931 633 meretrix.
973 579 1062 631 Ch.
1087 578 1156 630 ita
1173 578 1384 631 videtur.
1425 576 1514 650 Sy.

235 653 356 716 imo,
378 652 419 702 si
442 651 586 703 scias,

91 723 214 777 Hoc
244 724 375 788 vide,
412 723 548 791 quod
585 722 807 791 inceptet
843 721 1052 775 facinus,
1127 719 1247 773 Fuit
1283 722 1517 791 quaedam

233 813 357 846 anus
383 794 646 845 Corinthia
1392 818 1397 820 *
1450 799 1519 844 40

91 865 232 919 Hic:
270 865 391 918 huic
415 865 768 917 drachmarum
792 863 987 933 argenti
1012 863 1123 915 haec
1146 863 1290 915 mille
1315 865 1517 916 dederat

234 948 489 989 mutuum.
709 980 711 983 ,

96 1006 190 1062 Ch.
216 1008 356 1064 Quid
377 1008 523 1060 tum?
565 1006 652 1079 Sy.
677 1025 736 1058 ea
762 1015 961 1059 mortua
995 1015 1097 1059 est:
1135 1005 1340 1076 reliquit
1360 1005 1519 1058 filiam

236 1080 662 1131 adolescentulam
682 1098 694 1129 :

92 1149 174 1203 Ea
188 1151 364 1203 relicta
380 1150 502 1202 huic
524 1148 789 1202 arrhaboni
807 1158 882 1200 est
903 1167 992 1218 pro
1010 1149 1103 1201 illo
1121 1158 1344 1218 argentO.

237 1221 483 1290 intellig0.
938 1262 941 1269 Α

15 1341 26 1349 t
92 1292 182 1366 Sy.
221 1293 375 1345 Hanc
399 1310 574 1344 secum
608 1291 710 1343 huc
735 1291 960 1356 adduxit,
998 1310 1155 1362 eaque
1192 1300 1266 1361 est
1291 1309 1426 1342 nunc
1457 1292 1520 1343 ad

118 1421 126 1425 ,y
236 1381 446 1415 uxorem
471 1373 630 1415 tuam.

99 1432 194 1489 Ch.
231 1435 371 1491 Quid
393 1436 539 1487 tum?
582 1436 669 1508 Sy.
699 1435 921 1487 Cliniam
945 1443 1052 1487 orat
1074 1433 1170 1486 sibi
1193 1435 1269 1486 uti
1305 1433 1357 1486 id
1383 1451 1520 1485 nunc

237 1507 350 1570 det3
389 1507 530 1558 illam
556 1505 632 1558 illi
657 1516 828 1558 tamen
910 1528 913 1531 ’
1450 1511 1518 1558 45

93 1577 214 1630 Post
236 1578 496 1629 daturam:
523 1579 664 1629 mille
682 1580 951 1630 nummum
967 1577 1142 1647 poscit.
1221 1575 1314 1631 Ch.
1339 1588 1389 1628 et
1407 1595 1522 1647 pos-

240 1649 310 1700 cit
329 1650 534 1718 quidem
554 1650 572 1700 ?
615 1649 705 1722 Sy.
727 1649 816 1700 hui
836 1649 845 1700 !

93 1717 329 1774 Dubium
349 1720 402 1772 id
419 1719 527 1773 est?
573 1719 665 1775 Ch.
694 1739 790 1790 ego
810 1720 883 1772 sic
906 1720 1101 1790 putavi:
1141 1718 1261 1790 quid
1286 1738 1422 1772 nunc
1446 1721 1522 1772 fa-

184 1846 186 1849 ,
239 1809 352 1842 cere
372 1791 596 1861 cogitas?

98 1859 188 1934 Sy.
211 1861 424 1931 Egone?
464 1864 528 1915 ad
548 1864 915 1915 Menedemum
934 1863 1042 1915 ibo:
1083 1862 1250 1916 dicam
1270 1862 1402 1915 hanc
1419 1880 1523 1913 esse

240 1943 439 2003 captam
464 1936 493 1984 e
509 1934 673 2000 Caria,
858 1959 864 1968 ·
1298 1980 1301 1982 ,

20 2065 28 2068 Α
95 2003 300 2127 Ditem}
315 2014 366 2126 flet
388 2005 646 2062 nobilem:
684 2006 726 2058 si
752 2006 981 2072 redimat,
1012 2024 1256 2076 magnum
1286 2004 1444 2057 inesse
1469 2005 1524 2056 in

239 2093 267 2126 e
344 2095 539 2131 uerum.

101 2145 192 2199 Ch.
210 2145 376 2199 Erras,
416 2148 505 2221 Sy.
526 2148 666 2205 Quid
685 2148 788 2200 ita?
833 2147 926 2203 Ch.
946 2166 1038 2218 pro
1055 2149 1368 2202 Menedemo
1387 2167 1525 2201 nunc

242 2218 338 2269 tibi
356 2237 453 2288 ego
478 2220 782 2289 respondeo:
1455 2228 1526 2275 50

97 2286 220 2340 Non
236 2288 367 2341 emo.
426 2290 514 2364 Sy.
534 2291 657 2361 quid
673 2291 776 2343 ais?
816 2300 984 2361 optata
1008 2294 1228 2362 loquere.
1271 2290 1366 2346 Ch.
1386 2293 1525 2365 atqui

242 2377 345 2411 non
369 2372 443 2412 est
465 2381 604 2431 opuS.

102 2429 192 2502 Sy.
210 2429 332 2482 Non
350 2450 474 2501 opus
500 2435 606 2485 est?
687 2432 782 2487 Ch.
806 2453 908 2487 non
932 2435 1101 2487 hercle
1123 2435 1262 2488 vero.
1321 2434 1413 2508 Sy.
1437 2438 1524 2506 qui

243 2501 406 2554 istuc?
445 2505 613 2557 miror.
694 2506 782 2557 Ch.
801 2506 910 2576 jam
934 2507 1075 2560 scies,

100 2571 279 2637 Mane,
316 2592 496 2628 mane:
536 2577 655 2645 quid
680 2587 768 2641 est,
801 2578 935 2648 quod
958 2589 1062 2630 tam
1082 2581 1112 2629 a
1136 2578 1278 2630 nobis
1311 2578 1527 2648 graviter

243 2661 482 2713 crepuere
505 2648 666 2700 fores?

1424 1148 1518 1203 Ch.

101 2770 216 2825 Nego
233 2771 502 2814 Menedemum
529 2778 622 2815 tanti

100 2837 246 2864 emere:
273 2829 364 2878 quid
379 2828 497 2868 dicis?
553 2830 622 2882 Sy.

2044 149 2141 196 131

1570 286 1662 327 Non
1686 288 1739 326 ita
1769 285 1886 326 multo
1906 284 2062 324 antehac
2081 299 2147 326 ex-

1571 342 1726 394 cogitavi
1746 340 1917 392 aliquam.
1968 339 2037 378 Ch.
2051 338 2145 377 Fru-

1570 397 1609 446 gi
1636 408 1693 432 es:
1722 394 1797 440 dic,
1833 393 1932 444 quod
1960 393 2148 430 invenisti.

1566 449 1635 500 Sy.
1674 446 1825 493 Dicam,
1863 446 1927 483 sed
1966 454 2010 483 ut
2045 444 2149 483 aliud

1569 515 1615 538 ex
1648 501 1720 538 alio
1757 499 1936 550 sequitur.
2006 496 2076 536 Ch.
2103 496 2143 535 Ο

1569 552 1596 590 S
1622 567 1673 601 re,
1714 552 1889 604 quidnam
1931 551 2015 588 est?
2072 550 2146 602 Sy.

1569 569 1663 644 Hyaec
1681 606 1851 645 meretrix
1869 613 1926 642 est
1946 603 2146 642 admodum

1569 673 1687 711 prava.
1758 659 1827 697 Ch.
1856 656 1956 695 Talis
1984 665 2148 708 apparet.

1570 712 1639 763 Sy.
1667 711 1749 750 Imb
1783 713 1814 749 si
1841 712 1932 748 scias
1959 711 2070 761 quam
2095 709 2149 746 sit

1570 766 1745 817 pessima,
1781 763 1982 802 miraberis.
2035 760 2147 800 Vah!

1571 830 1752 870 cognosce
1770 815 1858 868 quid
1878 817 2032 866 incipiat
2050 814 2149 853 face·
2228 842 2238 857 ,

1570 884 1630 908 re:
1659 871 1826 921 quaedam
1852 868 1976 907 vetula
2002 882 2049 907 ex
2072 866 2151 905 Co·

1570 922 1698 961 rintho
1727 921 1792 961 hic
1824 921 2023 960 habitavit:
2064 919 2148 958 haec

1570 977 1742 1015 meretrix
1777 975 1876 1012 dedit
1914 974 1967 1012 illi
2011 973 2148 1011 mutu&

1571 1029 1673 1066 mille
1683 1027 1871 1066 drachmas
1884 1028 2042 1079 argenti.
2076 1026 2151 1064 Ch.

1571 1080 1676 1124 Quid
1694 1082 1780 1119 inde
1798 1081 1936 1118 factum
1955 1080 2035 1117 est?
2075 1079 2148 1131 Sy.

1570 1133 1666 1173 Haec
1685 1134 1807 1172 vetula
1827 1134 1847 1171 ὲ
1868 1133 1941 1171 vitii
1968 1132 2146 1170 decessitz

1573 1187 1720 1239 reliquit
1750 1187 1863 1225 filiam
1893 1185 2148 1223 adolescentu-

1572 1241 1660 1287 lam,
1694 1254 1736 1278 ea
1763 1240 1838 1277 filia
1868 1239 1952 1277 data
1979 1248 2038 1276 est
2065 1238 2151 1289 pig-

1574 1295 1656 1331 nori
1684 1293 1772 1331 huic
1790 1292 1989 1339 meretrici,
2017 1290 2151 1342 proca.

1573 1347 1746 1399 pecunia,
1764 1358 1877 1397 quam
1896 1339 1957 1382 ‘illi
1985 1343 2151 1381 credide-

1573 1409 1640 1437 rat.
1708 1399 1778 1438 Ch.
1819 1396 2009 1449 Intelligo.
2076 1396 2150 1448 Sy.

1573 1451 1669 1490 Haec
1702 1451 1875 1489 meretrix
1905 1449 2056 1487 adduxit
2092 1462 2153 1487 se-

1574 1518 1660 1543 cum
1694 1503 1788 1543 hanc
1824 1501 2151 1549 adolescentulam,

1574 1572 1658 1609 quae
1677 1570 1778 1596 nunc
1805 1565 1862 1594 est
1888 1556 1986 1608 apud
2007 1553 2153 1593 Sostra-

1574 1619 1650 1648 tam
1695 1623 1846 1649 uxorem
1890 1618 2005 1646 tuam.
2080 1607 2154 1645 Ch.

1575 1663 1680 1708 Quid
1720 1663 1806 1702 inde
1851 1661 2023 1715 colligis?
2078 1659 2154 1711 Sy·

1575 1716 1735 1755 Cliniam
1767 1725 1847 1754 orat
1886 1724 1927 1752 ut
1963 1714 2035 1752 sibi
2071 1713 2154 1763 jam

1574 1783 1677 1808 nunc
1708 1770 1772 1808 det
1808 1776 2001 1821 argentum
2037 1765 2154 1812 illud;

1575 1837 1616 1861 se
1631 1823 1717 1861 vero
1735 1822 1895 1875 puellam
1917 1821 1973 1859 illi
1990 1820 2076 1872 post
2090 1819 2156 1857 da-

1575 1885 1717 1914 turam:
1770 1875 1874 1914 mille
1912 1884 2153 1911 nummorum

1574 1931 1708 1981 poscit.
1763 1928 1832 1967 Ch.
1859 1925 1912 1966 Et
1929 1926 2050 1978 poscit
2069 1925 2156 1976 qui-

1577 1982 1661 2021 dem
1678 1981 1836 2021 Bacchis
1853 1988 1998 2018 tantum
2020 1991 2156 2030 argen-

1576 2036 1633 2074 ti?
1663 2034 1849 2087 Sy.Hui!
1866 2047 1914 2071 an
1927 2032 2083 2070 dubium
2094 2039 2163 2069 est-

1577 2090 1668 2140 quin
1692 2089 1753 2127 illa
1779 2096 1906 2140 poscat
1929 2084 2025 2123 hanc
2053 2098 2156 2122 sum-

1578 2143 1700 2181 mam?
1727 2141 1796 2180 Ch.
1813 2139 1898 2191 Ego
1913 2151 1990 2177 non
1999 2136 2134 2175 dubito
2145 2151 2157 2175 z

1579 2195 1668 2246 quid
1685 2207 1800 2239 nunc,
1818 2192 1924 2245 Syre,
1950 2190 2071 2229 facere
2093 2202 2158 2227 co-

1577 2249 1703 2301 gitas?
1771 2247 1843 2298 Sy.
1886 2244 1991 2289 Quid
2021 2243 2156 2282 faciam

1578 2301 1738 2352 quaeris?
1769 2300 1987 2338 conveniam
2018 2295 2159 2334 Mene-

1577 2354 1743 2401 demum,
1761 2354 1880 2391 dicam
1897 2350 1994 2389 hanc
2015 2348 2159 2388 adoles-

1579 2407 1767 2445 centulam
1786 2418 1866 2444 esse
1880 2411 2023 2456 captam
2042 2411 2082 2440 et
2095 2402 2160 2439 ad-

1577 2468 1719 2498 vectam
1738 2460 1759 2496 ὲ
1776 2457 1892 2503 Caria,
1915 2455 2158 2507 locupletem,

1579 2522 1619 2551 et
1642 2513 1728 2551 clari
1756 2512 1915 2563 generiS‚
1935 2518 1972 2546 et
1995 2507 2157 2546 multum

1579 2566 1670 2604 lucri
1700 2565 1805 2602 illum
1837 2564 2078 2614 quaesiturum
2110 2573 2158 2598 ex

1579 2619 1636 2665 ea,
1656 2620 1687 2656 si
1706 2619 1768 2656 det
1782 2617 1882 2655 mille
1900 2613 2160 2653 drachmarum

1605 2685 1645 2710 ro
1663 2671 1741 2721 ejus
1760 2669 2026 2719 redemptione.
2084 2666 2158 2704 Ch.

1578 2686 1742 2762 falleris.
1769 2724 1839 2775 Sy.
1857 2720 1961 2764 Quid
1973 2721 2049 2757 ita?
2083 2717 2156 2757 Ch.

650 2778 809 2868 {zenam
827 2777 1115 2830 redempturum,
1139 2786 1178 2816 et
1202 2777 1285 2816 loco
1312 2776 1544 2824 Menedemi,
1571 2778 1642 2815 tibi
1671 2790 1771 2815 nunc
1799 2773 2002 2827 respondeo
2012 2790 2022 2819 ;
2050 2770 2159 2809 Nolo

709 2844 820 2882 quere
836 2831 941 2869 nobis
954 2841 1056 2883 grata
1074 2831 1196 2878 verba,
1214 2841 1252 2869 et
1267 2832 1396 2870 nostris
1412 2831 1503 2868 votis
1519 2831 1722 2868 commoda.
1780 2830 1852 2868 Ch.
1880 2827 1991 2866 Certe
2009 2839 2085 2863 non
2100 2832 2158 2863 est

99 2890 187 2916 usus
215 2892 296 2918 eam
324 2894 460 2920 emere.
512 2883 582 2935 Sy.
610 2882 701 2921 Non
722 2893 777 2922 est
794 2885 912 2922 usus?
973 2883 1042 2922 Ch.
1075 2884 1164 2922 Non
1184 2894 1240 2922 est
1257 2896 1344 2922 usus
1362 2897 1428 2936 per
1447 2882 1662 2921 Herculem.
1714 2883 1784 2935 Sy.
1812 2881 1936 2921 Miror
1953 2891 2066 2931 quare
2082 2875 2156 2915 hoc

102 2929 215 2969 dicas.
272 2931 344 2972 Ch.
372 2933 505 2974 Statim
531 2948 753 2988 cognosces:
783 2938 909 2975 desine
926 2936 1044 2988 loqui,
1071 2947 1110 2975 et
1126 2938 1224 2976 audi.

100 2990 244 3023 tantum
262 2987 457 3038 strepitum
475 2988 695 3028 ediderunt?

904 3196 980 3236 AN
984 3196 1186 3238 NOTATI
1189 3194 1345 3236 ONES.

153 3313 201 3368 4.1
233 3307 508 3349 Drochmarum
538 3313 679 3361 argenti
708 3312 838 3363 mille]
880 3311 1096 3352 'Drachma

101 3358 231 3421 Attica
279 3371 317 3398 et
365 3363 532 3401 denarius
577 3363 765 3404 Romanus
812 3375 898 3404 sunt
933 3366 1096 3417 ejusdem

101 3413 351 3451 aestumationis
380 3429 443 3452 sex
468 3416 608 3454 assibus
633 3417 668 3454 T
669 3419 922 3458 uroncnsibus.
983 3417 1096 3457 Mille

101 3463 284 3503 drachmae
314 3467 488 3506 valebunt
525 3478 674 3518 centum
719 3473 900 3510 coronatis
929 3470 1095 3518 Gallicis,

102 3527 167 3554 aut
197 3520 371 3557 trecentis
414 3519 515 3559 libris
547 3519 838 3560 Turonensibus.
908 3522 1098 3562 Construi-

102 3577 163 3607 tur
193 3580 319 3609 autem
363 3573 463 3610 mille
496 3574 764 3612 substantivum
807 3589 891 3613 cum
937 3577 1099 3627 genitivo

103 3631 260 3674 utroque
283 3632 457 3671 nuxne103
488 3624 597 3663 Mille
617 3629 825 3673 nummum,
846 3627 956 3666 Mille
981 3629 1100 3666 talen-

104 3674 200 3720 tum,
233 3689 299 3728 pro
330 3690 567 3718 nummorum
596 3688 633 3717 et
658 3679 893 3721 talentorum.
947 3680 1098 3720 Ovidius

110 3731 126 3761 l
134 3733 168 3764 3.
186 3726 438 3781 Metamorph.

1149 3524 1250 3562 mille
1270 3524 1425 3561 nummi.

1151 3735 1319 3773 sumitur.

1276 2935 1467 2981 Quidnam
1494 2945 1565 2984 est,
1591 2945 1743 2989 propter
1771 2935 1873 2987 quod
1896 2933 1994 2973 fores
2020 2937 2165 2970 nostra-

1260 3312 1326 3350 Est
1345 3313 1486 3363 aliquid
1501 3313 1543 3350 de
1565 3318 1616 3351 tot
1637 3311 1840 3351 Graiorum
1857 3309 2021 3349 millibus
2035 3321 2154 3349 unum

1245 3366 1289 3403 ΔΑ
1308 3366 1481 3403 Diomede
1497 3366 1579 3415 legi.

1200 3417 1410 3468 Aliquando
1440 3420 1540 3456 mille
1567 3418 1786 3469 adjectivum
1818 3426 1874 3454 est
1898 3414 2050 3467 pluralis
2079 3421 2151 3453 riu—

1149 3473 1240 3509 meri
1255 3473 1399 3509 tantum
1415 3480 1452 3508 et
1466 3471 1740 3517 indeclinabile,
1754 3478 1811 3516 ut,
1826 3468 1938 3508 Mille
1950 3467 2151 3518 drachmte,

1204 3584 1251 3614 43
1283 3577 1423 3614 Relicta
1441 3576 1526 3614 huic
1543 3575 1737 3613 arv-baboni
1762 3573 1842 3624 est]
1898 3572 2082 3619 Arrhabo,
2109 3581 2150 3612 et

1149 3628 1270 3675 arrha,
1286 3638 1341 3665 est
1360 3629 1397 3665 id
1421 3628 1518 3678 quod
1545 3629 1619 3665 dari
1649 3627 1742 3665 solet
1763 3628 1808 3665 ad
1834 3627 2151 3666 confirmationem

1150 3682 1376 3729 contractus,
1400 3681 1594 3734 aliquando
1613 3681 1710 3719 idem
1726 3681 1826 3732 quod
1848 3681 1996 3733 pignus,
2022 3689 2066 3718 ut
2084 3676 2147 3718 hic

1784 3783 1811 3822 S
