2314 3944
1125 182 1224 230 116

556 434 964 547 ACTUS
1017 435 1116 504 Π.
1214 434 1622 506 SCENA
1672 439 1772 507 II.

821 631 1087 696 CLINIA'.
1164 641 1532 698 CLITIPHO.

198 807 259 847 Οἱ·
286 805 418 854 Sires,
436 819 520 858 01¹¹ae
543 806 588 845 ad
615 819 719 844 ³³1⁰·
776 805 855 861 Cl.
906 805 967 857 S1
1010 806 1139 860 mihi
1177 807 1413 860 secundae
1448 826 1524 861 res
1560 808 1623 882 de
1662 826 1840 862 amore
1867 827 1984 865 meo
2018 823 2198 880 essent,

142 874 221 901 rem
256 874 382 899 meum
411 870 596 912 spectant,
634 873 719 910 pro-

142 917 249 968 spere
254 928 293 952 se
304 912 577 961 haberent,non
586 913 719 951 dubito

140 969 234 1020 quin
267 966 489 1020 jampridem
521 963 720 1017 Antiphila

141 1030 181 1060 et
198 1021 307 1067 servi,
324 1019 391 1070 qui
417 1032 499 1058 eam
523 1019 721 1074 accersive-

140 1083 244 1120 runt,
262 1074 468 1111 venissent:
497 1073 561 1110 sed
591 1080 721 1111 metuo

141 1141 190 1166 ne
230 1124 428 1178 Antiphila
476 1126 719 1176 pecuniarum

136 1179 332 1232 largitione
364 1187 577 1230 expugnata
603 1178 719 1217 alium

137 1241 341 1271 amatorem
387 1231 585 1283 acceperit,
627 1231 717 1269 dum

137 1286 270 1324 absens
299 1284 368 1323 fui.
422 1283 562 1323 Multae
596 1285 718 1336 suspi-

138 1340 264 1378 ciones
283 1338 394 1376 simul
411 1338 452 1376 in
471 1347 634 1376 mentem
654 1351 717 1374 ve-

134 1393 264 1439 niunt,
281 1404 366 1443 quae
385 1404 447 1428 me
462 1389 645 1428 inducunt
670 1389 717 1429 ad

135 1445 358 1484 eredendum
375 1445 429 1482 sic
444 1457 524 1481 esse
540 1458 549 1481 τ
578 1456 716 1496 oppor-

136 1500 278 1538 tunitas
291 1507 335 1536 ut
348 1495 618 1549 corrumpatur,
627 1497 716 1548 quia

135 1549 300 1590 formosa
315 1559 388 1597 est,
412 1558 452 1588 et
469 1558 582 1596 nota;
610 1548 714 1588 locus

136 1605 178 1644 in
195 1618 270 1656 quo
297 1613 368 1650 est,
395 1603 461 1641 ubi
474 1615 582 1654 prava
599 1600 714 1641 habet

135 1657 308 1710 exempla
347 1655 582 1709 petulantiae3
627 1665 715 1694 aetas

133 1710 276 1758 florida,
302 1723 386 1762 quae
414 1709 631 1762 plerumque
658 1709 716 1747 lu-

133 1763 252 1811 brica3
282 1775 399 1802 mater
428 1762 611 1814 improba,
645 1762 715 1800 sub

88 1820 94 1833 ¹
133 1817 240 1868 cujus
258 1824 442 1868 potestate
461 1825 532 1862 est,
546 1816 607 1853 cui
622 1814 717 1854 nihil

133 1871 282 1909 suavius
301 1878 359 1907 est
386 1868 545 1920 pecunia
563 1875 602 1906 et
618 1881 717 1906 mer-

133 1923 239 1962 cede·
271 1921 347 1962 Cli.
363 1919 400 1959 O
415 1921 550 1960 Clinia.
572 1920 631 1960 Cl.
645 1919 717 1959 Me

133 1975 335 2016 miserum!
367 1974 441 2014 Cli.
459 1972 557 2013 Vide
570 1987 618 2013 ne
631 1976 716 2026 quis

133 2036 183 2068 ex
207 2028 349 2068 aedibus
379 2027 493 2080 patria
523 2027 716 2080 egrediens

131 2081 230 2121 forte
247 2082 399 2133 aspiciat
410 2090 464 2121 te.
512 2079 574 2119 Gt.
601 2079 717 2119 Cave-

132 2135 204 2183 bo:
234 2135 298 2173 sed
317 2134 415 2173 certe
428 2147 491 2173 cor
508 2131 601 2172 mihi
622 2147 716 2185 prae·

133 2187 274 2226 divinat
298 2187 423 2225 nescio
449 2185 540 2238 quid
557 2185 718 2225 infortu-

133 2242 203 2280 nii.
249 2239 323 2279 Cli.
350 2238 612 2278 Perseverasne
641 2239 717 2278 dis-

135 2307 286 2334 cernere
302 2291 375 2332 hoc
399 2291 595 2339 curiosius,
611 2301 718 2331 ante-

61 2378 68 2381 -
136 2360 250 2397 quam
270 2359 398 2385 noscas
419 2345 510 2397 quid
525 2346 624 2384 erit?
657 2345 718 2385 CI.

883 875 899 960 ⁷·
905 876 1016 948 jam
1040 874 1250 943 dudum,
1274 880 1395 946 scio,

770 948 1067 1002 Venissent:
1104 951 1192 1002 sed
1222 968 1410 1017 vereor,
1440 968 1505 1003 ne
1536 951 1736 1017 mulier,
1760 970 1845 1005 me
1867 954 2088 1021 absente,
2110 955 2198 1008 hic

893 1031 1147 1090 corrupta
1168 1021 1248 1074 sit.
2006 1036 2009 1044 '

772 1090 1093 1145 Concurrunt
1121 1095 1298 1145 multae
1327 1093 1607 1164 opinioneS‚
1646 1112 1764 1166 quae
1801 1095 1928 1149 mihi
1963 1095 2194 1150 animum

911 1175 1196 1233 exangeant
1213 1185 1226 1216 z

769 1233 1004 1302 Occasi0‚
1027 1238 1185 1301 locuS,
1207 1242 1344 1302 aetas,
1369 1244 1545 1303 mater,
1569 1235 1711 1306 cujus
1738 1241 1831 1292 sub
1868 1239 2085 1311 imperio
2108 1250 2198 1311 est,

911 1309 1048 1359 mala
1063 1328 1076 1359 ε

769 1377 868 1431 Cui
893 1378 1022 1431 nihil
1045 1387 1226 1449 praeter
1247 1379 1465 1449 pretium
1482 1378 1591 1449 jam
1618 1380 1765 1435 dulce
1788 1390 1879 1434 est.
1954 1380 2054 1438 Chi.
2091 1383 2199 1435 Cli-

910 1450 1009 1502 nia.
1053 1449 1132 1505 Cl.
1156 1449 1242 1502 hei
1265 1450 1448 1502 misero
1473 1451 1630 1503 mihi!

2163 1459 2197 1506 5

773 1520 874 1576 Cli.
909 1521 1084 1574 Etiam
1121 1538 1281 1586 caveS,
1306 1540 1370 1573 ne
1405 1521 1572 1575 videat
1603 1523 1729 1575 forte
1757 1523 1880 1576 hinc
1915 1533 1968 1578 te
1995 1525 2027 1576 a
2058 1534 2198 1596 patre

909 1593 1090 1663 aliquis
1112 1593 1299 1645 exienS.

773 1663 854 1720 Cl.
890 1664 1131 1718 Faciam:
1167 1665 1254 1717 sed
1278 1665 1448 1719 nescio
1471 1665 1595 1737 quid
1617 1668 1844 1738 profecto
1861 1667 1990 1721 mihi
2006 1666 2199 1721 animu'

910 1737 1146 1806 praesagit
1167 1736 1308 1789 mali.

774 1809 870 1862 Cli.
907 1806 1109 1877 Pergin’
1134 1809 1262 1860 istuc
1284 1807 1421 1879 prius
1445 1806 1734 1879 dijudicare,
1763 1812 1918 1883 quam
1939 1810 2052 1876 scia,
2076 1811 2198 1882 quid

910 1880 1016 1932 veri
1041 1880 1172 1932 siet?

775 1948 863 2004 Cl.
892 1950 949 2002 Si
983 1950 1114 2004 nihil
1137 1951 1261 2004 mali
1283 1960 1427 2016 esset,
1443 1950 1552 2021 jam
1581 1950 1669 2004 hic
1691 1953 1937 2007 adessent.
1977 1954 2071 2007 Cli.
2087 1952 2197 2025 jam

909 2023 1135 2076 aderunt.
1179 2021 1254 2077 Cl.
1280 2023 1483 2093 quando
1506 2022 1636 2075 istuc
1659 2023 1785 2077 erit?

774 2091 877 2148 Cli.
911 2094 1033 2147 Non
1058 2094 1246 2163 cogitas
1267 2095 1391 2147 hinc
1413 2096 1625 2164 longule
1652 2098 1795 2149 esse?
1833 2105 1885 2149 et
1918 2096 2050 2150 nosti
2084 2115 2198 2151 mo·-

908 2183 985 2217 res
1010 2167 1284 2230 mulierum
1307 2186 1320 2220 :

766 2236 910 2291 Dum
949 2238 1245 2303 moliuntur,
1280 2238 1404 2291 dum
1442 2248 1730 2304 comuntur,
1764 2254 1926 2293 annus
1953 2247 2043 2294 est.

911 2310 943 2361 ὃ
969 2309 1197 2380 Clitipho
1218 2309 1229 2360 !

2130 2174 2198 2222 10

2122 2240 2200 2294 Cl.

136 2399 182 2440 Si
211 2398 306 2438 nihil
336 2400 475 2439 adversi
501 2407 615 2446 esset,
643 2397 718 2437 huc
769 2379 970 2434 Timeo,
1001 2376 1100 2435 Cli.
1122 2381 1322 2451 respira.
1350 2400 1531 2436 eccum
1548 2377 1867 2436 Dromonem
1893 2398 2013 2435 cum
2032 2382 2192 2454 Syro:

138 2451 338 2504 Antiphila
381 2466 466 2490 cum
499 2452 613 2492 servis
640 2450 719 2502 jam

137 2506 312 2545 venisset.
367 2505 440 2544 Cli.
460 2503 598 2543 Statim
615 2504 721 2542 adve-

915 2455 1020 2505 una
1041 2453 1223 2506 adsunt
1245 2453 1355 2506 tibi.

137 2559 259 2599 nient.
291 2558 352 2598 Cl.
369 2557 557 2602 Quando?
591 2557 666 2597 Cli.
684 2557 773 2597 Non
787 2557 999 2596 consideras
1010 2571 1090 2597 eam
1108 2558 1236 2611 procul
1255 2557 1343 2596 hinc
1366 2557 1557 2597 habitare?
1586 2555 1791 2609 cognoscis
1803 2557 2110 2599 consuetudinem
2127 2558 2197 2600 foe-

139 2613 345 2653 minarum:
374 2612 462 2650 dum
481 2620 696 2663 pectuntur,
714 2611 803 2648 dum
820 2620 951 2649 ornant
968 2624 1107 2659 comas,
1119 2613 1208 2650 dum
1227 2612 1381 2650 formam
1407 2619 1534 2663 parant
1551 2611 1648 2647 vario
1663 2609 1781 2656 cultu,
1800 2612 1842 2648 iu*
1866 2609 1923 2648 his
1941 2611 2115 2652 faciendis
2131 2627 2198 2651 an-

140 2679 232 2703 num
254 2672 465 2704 conterunt.
495 2663 556 2704 Cl.
572 2662 609 2703 O
633 2662 825 2717 Clitipho!
853 2664 982 2707 timeo.
1025 2663 1099 2703 Clz'.
1116 2664 1177 2703 Ad
1194 2676 1232 2703 te
1259 2665 1356 2703 redi:
1385 2677 1471 2703 ecc-e
1498 2662 1730 2703 Dromonem
1758 2676 1846 2703 cum
1876 2662 1993 2718 Syro:
2022 2677 2111 2705 mox
2125 2666 2194 2704 tibi

139 2720 276 2771 praesto
294 2727 396 2757 sunt.

1009 2862 1344 2904 ANNOTATIO.

201 2984 226 3016 3
255 2975 507 3027 Emangeant]
562 2973 650 3023 Pro,
667 2985 863 3028 exangant.
917 2976 980 3019 Sic
1007 2987 1148 3018 veteres
1200 2978 1327 3020 Idem:

148 3030 409 3082 loquebantur.
457 3029 634 3078 Claudeo,
647 3040 729 3083 pro,
745 3033 872 3074 claudo
884 3046 903 3080 ς
923 3033 1047 3082 Viveo,
1066 3046 1146 3086 pro,

147 3086 230 3123 υἱυο
240 3100 257 3131 ‚·
286 3083 413 3132 Diceo,
430 3096 513 3136 pro,
528 3085 619 3122 dico.
673 3082 844 3123 Naevius:
1356 3086 1488 3134 dic-eho,
1507 3098 1546 3124 eo
1568 3086 1707 3123 melius.

202 3137 296 3185 Tibi,
308 3137 397 3177 dum
413 3138 685 3188 vivRBO,fideZis
701 3150 773 3175 ero.

1305 3032 1471 3070 Primum
1491 3031 1587 3081 quod
1603 3031 1733 3078 diceba,
1746 3029 1862 3069 recte!
1889 3030 2082 3073 sedendum
2101 3033 2198 3084 quod
