2314 3944
128 179 199 228 83

127 316 182 362 At
217 316 279 354 at!
322 315 387 355 Th.
412 312 702 354 Formidolosus-

130 383 178 409 ne
209 369 277 407 es?
324 369 394 408 Ch.
421 366 553 420 Egone
578 367 703 405 formi-

130 422 386 461 dolosussim?
418 419 543 458 Nemo
557 429 612 458 est
624 433 704 457 om-

129 477 235 514 nium
265 472 475 518 hominum,
504 474 568 523 qui
595 474 706 517 vivat,

130 529 254 567 minus
294 525 564 566 formidolosus.
636 525 703 562 Th.

129 580 256 632 Atque
274 580 328 618 ita
350 591 450 617 nunc
477 591 568 628 opus
586 586 642 615 est
659 590 707 614 ne

130 634 180 672 sis
215 632 310 671 talis.
380 631 450 670 Ch.
496 629 605 669 Hau!
640 643 708 675 ‹ve-

130 698 211 725 reor
237 695 278 723 ut
305 698 363 722 me
381 683 493 721 talem
511 697 591 721 esse
617 696 708 732 qua-

127 739 174 777 lis
208 751 290 776 sum
325 745 444 790 putes.
521 737 588 775 Th.
626 734 709 774 Ime

127 790 201 831 hoc
218 792 347 828 'animo
366 797 512 840 reputa3
543 789 603 827 ille
622 801 707 828 cum

131 857 208 895 quo
240 843 311 881 tibi
342 841 600 880 decertandum
638 850 708 888 est,

131 897 271 935 advena
305 903 376 942 est,
417 895 542 933 minus
575 905 710 946 potens

130 949 243 1000 quam
278 957 336 994 tu,
371 948 494 985 minus
521 957 644 993 notus,
671 957 710 984 et

127 1003 252 1041 minus
316 1001 517 1053 amicorum
565 998 708 1038 habens

128 1055 169 1092 in
195 1053 254 1092 his
270 1054 383 1091 rlocis.
419 1052 512 1092 ‘Ch.
540 1051 626 1090 Hoc
652 1061 708 1090 sat

128 1108 229 1146 seio:
275 1106 338 1145 sed
374 1105 614 1157 imprudentis
651 1116 708 1144 est

129 1161 305 1200 damnum
336 1160 426 1210 pati,
460 1168 498 1197 et
533 1160 708 1210 recipere,

129 1213 228 1265 quod
259 1213 394 1250 evitare
421 1220 459 1249 et
479 1225 602 1250 arcere
621 1224 708 1263 pos-

129 1268 193 1305 sis.
247 1264 354 1303 Malo
383 1278 453 1316 ego
486 1278 552 1303 nos
581 1278 708 1303 cavere

129 1319 177 1358 ab
212 1319 276 1357 illo
311 1317 440 1363 milite,
477 1318 589 1368 quam
625 1327 708 1370 post

127 1380 319 1423 acceptam
386 1371 556 1419 injuriam
627 1373 707 1409 vin-

125 1425 262 1463 dictam
300 1424 469 1462 adversus
503 1437 590 1461 eum
625 1437 709 1475 per-

127 1477 247 1530 sequi.
300 1475 362 1514 Tu
390 1477 450 1515 abi
479 1476 631 1515 domum
649 1478 706 1515 in-

126 1530 202 1579 tro,
238 1538 278 1569 et
313 1530 395 1568 sex-a
432 1528 528 1568 fores
563 1529 704 1577 claude,

127 1583 218 1622 dum
258 1595 329 1634 ego
372 1580 462 1620 hin'c
493 1583 539 1631 ad
583 1581 705 1620 forum

127 1646 358 1675 transcurro:
386 1635 469 1674 volo
497 1635 574 1673 huc
591 1635 707 1674 addu-

125 1702 208 1728 cere
254 1689 462 1736 advocatos,
497 1687 707 1728 defensores

124 1742 234 1781 nobis
254 1743 293 1780 in
310 1739 384 1780 hoc
408 1741 584 1779 tumultu.
638 1743 705 1780 Th.

22 1807 33 1814 *
84 1819 87 1821 >
125 1794 260 1836 Mane.
318 1794 390 1834 Ch.
416 1792 560 1832 Melius
591 1803 707 1833 estut

126 1848 321 1887 advocatos
365 1847 556 1886 adducam.
637 1849 705 1886 Th.

127 1899 261 1941 Mane.
307 1899 378 1940 Ch.
404 1898 550 1939 Desine
564 1913 624 1939 me
642 1901 706 1938 de-

126 1955 270 1993 tinere:
311 1965 400 1992 mox
431 1953 588 1992 rediero.
640 1955 706 1992 Th.

127 2005 240 2046 Nihil
255 2019 350 2058 opus
379 2014 437 2044 est
454 2006 531 2044 istis
549 2006 705 2054 auxiliis,

124 2058 309 2099 Chreme:
355 2058 415 2096 dic
458 2056 571 2097 modo
605 2058 705 2099 illam

121 2122 227 2151 tuam
266 2124 429 2151 sororem
465 2124 560 2159 esse,
596 2121 636 2151 et
667 2121 706 2151 te

123 2165 227 2204 illam
287 2164 474 2218 parvulam
527 2166 707 2214 amisisse,

124 2231 226 2257 nunc
240 2218 453 2271 cognovisse
467 2232 476 2255 :
505 2218 610 2270 signa
623 2217 705 2257 haec

123 2271 260 2322 quibus
274 2272 405 2323 probes
418 2270 468 2309 ita
482 2281 705 2327 esse,osten-

122 2325 184 2363 de.
225 2325 301 2375 Py.
326 2323 478 2363 Adsunt
513 2323 595 2363 haec
627 2338 706 2363 mo-

124 2387 317 2416 numenta.
388 2377 455 2415 Th.
498 2376 599 2429 Cape
647 2392 705 2425 ea,

714 171 772 224 P.
809 144 1166 224 TERENTII
1191 163 1615 222 EUNUCHUS.
1666 246 1668 250 J

754 308 932 365 Atat!
978 308 1071 361 Th.
1097 326 1221 360 num
1257 309 1608 364 formidolosus
1641 311 1847 365 obsecro
1875 329 1945 378 eS,
1980 308 2054 364 mi
2087 311 2185 364 ho-

830 401 833 403 *
901 381 1020 431 mo?
1065 378 1160 432 Ch.
1185 397 1344 448 apage
1368 380 1449 431 siS.
1780 430 1783 434 ,
2169 410 2173 414 -

757 451 924 522 Egon’
950 451 1336 504 formidolosus?
1377 469 1529 504 nemo
1568 460 1642 504 est
1663 453 1951 521 hominum,
1987 453 2076 525 qui
2110 453 2189 506 vi·-

901 532 1000 586 vat,
1024 523 1208 576 minus,
1302 562 1303 567 ,
1374 523 1376 526 ’

741 595 862 653 ιΤΙι.
899 597 1066 663 Atque
1101 593 1171 645 ita
1194 594 1311 662 opu’
1335 604 1424 653 est.
1474 595 1564 647 Ch.
1587 593 1722 646 hau!
1761 607 1948 663 metuo,
1984 599 2187 668 qualem

900 674 957 716 'tu
982 683 1066 717 me
1090 683 1194 716 esse
1218 665 1479 717 hominem
1505 665 1790 717 existumeS.
1925 663 1930 668 ’

769 737 861 790 Th.
898 736 1012 789 Imo
1036 736 1134 787 hoc
1160 737 1410 806 cogitato:
1447 739 1655 807 quicum
1691 753 1767 788 res
1789 737 1884 795 tihi
1919 748 2008 806 est,
2042 757 2189 810 pere·

902 807 1074 875 grinus
1098 816 1187 872 est,

761 879 931 933 Minu’
967 889 1162 949 potenS,
1200 880 1351 948 quam
1388 886 1460 944 tu,
1501 879 1660 931 minu'
1700 888 1867 945 notuS,
1907 881 2185 936 amicorum

886 950 988 1007 ‚hic
1010 951 1200 1002 habens
1225 951 1410 1002 minus.

766 1023 853 1076 Ch.
884 1021 1005 1074 Scio
1029 1021 1156 1073 istuc
1180 1043 1190 1074 :
1230 1022 1316 1073 scd
1339 1032 1395 1073 tu
1416 1023 1551 1092 quod
1577 1041 1750 1076 cavere
1783 1023 1954 1094 possiS,
1977 1025 2188 1089 stultum

796 1104 800 1110 ‘
902 1093 1167 1145 admittere
1191 1103 1279 1144 est.

761 1165 908 1218 Malo
932 1183 1027 1234 ego
1063 1183 1152 1216 nos
1188 1164 1487 1234 prospicere,
1522 1167 1675 1235 quam
1711 1165 1850 1218 hunc
1885 1166 2064 1221 ulcisci
2101 1185 2188 1220 ac-

902 1239 1050 1306 cepta
1071 1234 1269 1306 injuria,
1317 1255 1319 1259 ⁴
1491 1266 1495 1270 ⁴

759 1308 862 1362 Abi
884 1316 956 1371 tu,
982 1317 1131 1377 atque
1156 1307 1339 1359 ostium
1377 1309 1552 1360 obsera
1586 1308 1737 1374 intuS,
1772 1327 1871 1379 ego
1902 1311 2026 1364 dum
2065 1311 2188 1364 hinc

900 1387 1182 1431 transcurro
1205 1380 1268 1430 ad
1291 1381 1456 1430 forum
1477 1399 1490 1432 ε
2115 1387 2186 1434 25

759 1450 891 1502 Volo
915 1469 1010 1518 ego
1048 1451 1216 1502 adesse
1239 1450 1325 1502 hic
1349 1450 1611 1503 advocatos
1651 1451 1791 1504 nobis
1828 1451 1881 1504 in
1905 1454 2051 1506 turba
2073 1453 2188 1507 hac,

907 1522 999 1575 Th.
1039 1540 1206 1576 mane.

762 1593 852 1646 Ch.
889 1593 1080 1646 Melius
1108 1603 1199 1646 est.
1244 1594 1343 1646 Th.
1369 1607 1535 1645 mane.
1576 1592 1670 1647 Ch.
1697 1594 1906 1649 omitte:
1939 1595 2046 1668 jam
2068 1597 2188 1649 ade-

901 1683 970 1721 ro.
1017 1665 1110 1718 Th.
1136 1666 1210 1717 nil
1233 1683 1357 1734 opus
1380 1675 1453 1716 est
1477 1665 1597 1730 istis,
1622 1666 1840 1718 Chreme
1860 1686 1873 1720 ε

760 1736 881 1789 Hoc
906 1736 988 1789 dic
1013 1738 1182 1807 modo,
1204 1756 1423 1789 sororem
1448 1736 1590 1790 illam
1614 1748 1755 1789 tuam
1781 1756 1903 1805 esse,
1929 1735 2052 1792 et'te
2074 1757 2191 1809 par-

899 1827 1015 1860 vam
1039 1827 1288 1878 virginem

756 1880 1017 1945 Amisisse,
1044 1899 1180 1931 nunc
1207 1881 1474 1948 cognosse:
1511 1879 1653 1950 signa
1677 1882 1900 1934 ostende.

897 1961 1030 2003 sunt.
1074 1951 1168 2004 Th.
1195 1969 1334 2019 cape.

757 2021 813 2074 Si
840 2022 942 2074 vim
970 2022 1135 2087 faciet,
1161 2022 1308 2091 injus
1329 2022 1500 2075 ducito
1523 2023 1818 2078 hominem:
1847 2024 2182 2077 intellextin'?

853 2142 857 2144 ,
905 2094 994 2146 Ch.
1029 2096 1200 2163 probe.
2112 2102 2187 2148 30

763 2165 859 2219 Th.
898 2166 1002 2217 Fac
1027 2165 1199 2217 animo
1223 2164 1337 2216 haec
1362 2166 1600 2234 proesenti
1624 2165 1775 2218 dicaS.
1853 2164 1945 2220 Ch..
1981 2167 2188 2222 faciam.

905 2236 1001 2290 Th.
1043 2238 1216 2289 attolle
1239 2237 1470 2305 pallium.
2028 2238 2186 2311 [pam.

758 2307 923 2374 Perii3
948 2308 1069 2361 huic
1088 2308 1183 2378 ipsi
1207 2326 1331 2378 opus
1354 2319 1563 2378 patrono
1586 2318 1675 2375 est,
1699 2328 1850 2380 quem
1874 2310 2185 2363 defensorem

1975 1883 2074 1952 Py.
2097 1882 2186 1935 ad-

123 2429 299 2469 Chreme.
354 2427 397 2468 Si
416 2431 490 2468 vim
521 2429 628 2469 faciet
646 2432 766 2479 miles,
785 2433 824 2469 in
844 2430 907 2480 jus
932 2444 1035 2477 voca,
1054 2441 1120 2468 aut
1145 2428 1268 2468 trahe:
1299 2431 1574 2471 intellixistine?
1609 2431 1679 2472 Ch.
1698 2430 1876 2470 Omnino.
1910 2433 1977 2472 Th.
1998 2431 2187 2473 Audacter

120 2492 161 2521 et
188 2483 353 2521 animose
376 2481 459 2536 haec
477 2484 694 2534 pronuncia.

751 2485 820 2524 Ch.
847 2482 1008 2522 Faciam.
1063 2484 1128 2521 Th.
1159 2483 1302 2521 Attolle
1328 2484 1480 2537 pallium
1509 2483 1673 2524 humeris
1701 2485 1902 2538 delapsum.
1955 2483 2067 2534 Perii,
2093 2484 2180 2527 huie

119 2535 312 2576 Chremeti
332 2548 424 2590 opus
443 2548 498 2575 est
513 2546 684 2589 patrono,
702 2551 814 2590 quem
830 2535 924 2576 mihi
942 2535 1171 2576 defensorem
1189 2549 1288 2590 paro.

495 2759 901 2832 ACTUS
962 2762 1090 2831 IV.
1154 2760 1606 2830 SCENA
1655 2761 1825 2830 VII.

411 2979 726 3036 THRASO.
802 2983 1134 3037 GNATHO.
1207 2982 1587 3036 CHREMES.
1660 2981 1898 3036 THAIS.

173 3306 259 3345 Thr.
276 3304 460 3358 Nunquid
479 3306 695 3346 indecorum

117 3366 185 3404 est,
219 3358 388 3406 Gnatho,
423 3369 499 3398 tam
534 3371 696 3399 atrocem

115 3411 289 3460 injuriam
325 3412 417 3450 mihi
457 3413 589 3451 factam
625 3415 697 3455 im-

115 3466 218 3515 pune
234 3466 336 3516 pati?
357 3465 459 3503 Mori
478 3479 537 3503 me
552 3467 697 3506 fortiter

114 3517 241 3567 potius
273 3528 342 3555 est.
410 3517 576 3564 Simalio,
614 3518 701 3557 Do-‘

115 3582 201 3614 nax,
263 3568 425 3623 Syrisce,
482 3573 696 3623 sequimini.

114 3618 286 3660 Primum
333 3624 432 3661 aedcs
465 3626 500 3662 vi
541 3626 695 3677 capiam.

118 3673 197 3712 Gn.
240 3672 414 3727 Egregie.
482 3678 568 3715 Thr.
611 3676 697 3716 Vir-

112 3727 239 3780 ginem
258 3729 423 3782 eripiam.
455 3729 532 3771 Gn.
552 3729 684 3771 Recte.

777 3149 986 3228 SANGA‘,
1025 3162 1208 3215 Servus
1250 3161 1538 3215 Thrasoni&

756 3307 875 3362 Thr.
900 3309 1204 3361 HANccmE
1230 3326 1326 3377 ego
1344 3318 1402 3360 ut
1425 3306 1787 3359 contumeliam
1808 3315 1911 3359 tam
1933 3305 2185 3377 insignem

894 3381 947 3431 in
974 3398 1057 3431 me
1080 3380 1348 3449 accipiam,
1375 3379 1619 3430 Gnatho?

750 3452 889 3504 Mori
927 3470 1010 3503 me
1034 3451 1186 3503 satius
1211 3461 1302 3502 est.
1376 3451 1604 3516 Simalio,
1640 3449 1844 3516 Donax,
1871 3450 2082 3520 Syrisce,
2107 3466 2186 3502 se·-

892 3540 1127 3592 qu1m1n1.
1227 3586 1230 3590 ,

750 3592 982 3648 Primum
1006 3594 1159 3646 aedeis
1178 3593 1497 3663 expugnabo.
1556 3592 1658 3645 Gn.
1683 3595 1834 3647 recte.
1875 3592 1991 3648 Thr.
2029 3590 2184 3662 virgi-

891 3682 1012 3719 nem
1038 3665 1268 3736 eripiam.
1309 3667 1407 3718 (ἔτι.
1434 3660 1607 3734 probe.

1166 3750 1185 3776 l

1111 3800 1146 3848 l

2116 664 2304 720 20'·
