2314 3944
95 3631 197 3675 bunc

776 127 1034 188 ACTUS
1058 127 1171 188 ¹1v1.²
1227 107 1474 221 scam*
1494 130 1563 189 1.·

149 272 257 332 Ph.
290 278 568 342 Deliberet,
591 276 954 347 renuncietque
977 276 1129 329 hodie
1152 276 1279 328 mihi
1283 313 1301 343 ,

146 350 364 415 Velitne,
392 367 458 400 an
482 366 614 400 non:
651 358 711 399 ut
733 348 836 412 alii,
860 348 901 399 si
925 348 1045 400 huic
1070 364 1174 418 non
1197 347 1276 411 sit,
1295 349 1404 402 siet.

144 421 248 483 La.
264 478 266 482 f
282 413 699 488 Phidippe‚'ades,
714 420 832 470 audi
854 419 1043 487 pauciS,
1066 418 1206 470 abiit.
1231 419 1353 487 quid
1378 421 1527 472 mea?

142 491 403 544 Postremo
426 490 557 541 inter
576 509 628 541 se
651 490 929 557 transigant
950 490 1062 558 ipsi,
1085 498 1142 540 ut
1165 490 1341 553 lubet3
1494 495 1556 542 61

142 558 373 618 Quando*
409 576 505 612 nee
543 571 741 629 gnatuS,
779 577 943 629 neque
979 560 1082 626 hic,
1119 559 1250 612 mihi
1286 560 1563 630 quidquam

219 682 224 696 ,
280 633 628 700 obtemperant
649 654 661 684 :
983 681 991 687 γ.

139 697 422 766 Quindico,
440 703 577 771 parvi
596 702 838 772 pendunt.
875 709 1021 771 porto
1043 698 1384 771 hocjurgium

137 773 223 826 Ad
243 791 466 838 uxorem,
492 772 633 841 cujus
654 774 785 835 fiunt
808 772 1019 843 consilio
1040 774 1213 825 omnia
1237 773 1382 827 haec:

136 845 307 914 Atque
332 845 385 895 in
410 842 522 898 eam
547 841 645 897 hoc
667 862 838 910 omne,
861 845 996 914 quod
1019 844 1148 896 mihi
1172 847 1305 912 aegre
1329 853 1419 909 est,
1440 848 1559 896 evo-

278 933 436 969 mam.
502 955 507 963 .
579 915 582 919 ’
1488 921 1555 967 65

2086 143 2193 207 273

1621 277 1694 316 Ph.
1718 275 1920 326 Decem-at,
1939 279 2104 331 mihique
2129 285 2195 322 de-

1550 371 1554 373 ,
1620 331 1775 369 nunciet
1815 330 1926 371 hodie
1966 331 2195 384 Pamphilus,

1620 383 1776 431 velitne,
1791 397 1837 430 an
1856 398 1947 430 non,
1965 386 2126 436 recipere
2153 391 2195 426 in

1616 448 1768 474 uxorem
1812 434 2095 484 Philumenam;
2137 450 2196 478 .ut

1616 487 1679 526 ani
1692 489 1740 527 sit
1757 501 1864 536 uxor,
1882 491 1914 527 si
1932 490 2003 541 ipsi
2029 504 2105 533 non
2128 492 2196 531 sit.

1616 541 1688 578 La.
1729 539 1927 594 Phidippe,
1955 545 2108 594 propius
2132 556 2196 580 ac—

1616 593 1720 640 cede,
1750 594 1836 632 audi
1869 609 1954 645 quae
1985 598 2112 645 paucis
2138 597 2197 634 di-

1616 658 1709 684 cam.
1781 647 1911 686 Abiit
1973 647 2195 700 Phidippus.

1615 696 1720 741 Quid
1747 701 1830 737 mea
1856 700 1996 740 refert?
2022 700 2196 741 Tandem

1615 754 1894 790 controversiam
1922 754 2018 791 inter
2034 767 2074 792 se
2091 755 2194 793 deci-

1611 804 1703 842 dant
1746 804 1835 854 ipsi,
1891 817 1934 844 ut
1985 808 2190 852 videbitur3

1612 857 1699 902 quia
1730 869 1801 894 nec
1831 857 1943 905 filius,
1973 873 2094 909 neque
2124 859 2191 898 hic

1609 907 1816 960 Phidippus
1847 912 1887 947 in
1919 911 1995 950 ulla
2024 926 2063 950 re
2093 911 2190 951 mihi

1609 962 1814 1000 auscultare
1874 964 2025 1002 volunt:
2079 965 2192 1004 verbe
2261 983 2263 986 ’

125 1003 219 1051 inea
233 1012 339 1052 nihili
358 1014 555 1053 aestimant.
582 1010 692 1053 Hanc
705 1016 820 1054 rixam
835 1015 880 1053 ad
898 1027 1049 1053 uxorem
1064 1027 1185 1053 meam
1198 1015 1275 1065 jam
1289 1020 1390 1052 nunc
1407 1010 1546 1061 defero,
1560 1016 1663 1065 quasi
1677 1028 1813 1052 munus
1827 1027 1988 1065 gratum;
2017 1031 2102 1058 nam
2115 1017 2190 1056 hu..

47 1082 53 1090 1
127 1067 192 1118 jus
210 1080 319 1106 suasu
335 1064 416 1107 haec
433 1068 558 1107 omnia
575 1067 799 1116 efficiuntur,
815 1079 926 1121 atque
941 1069 982 1107 in
997 1080 1079 1107 eam
1091 1079 1242 1107 omnem
1258 1068 1516 1120 aegritudinem
1531 1064 1571 1105 'et
1583 1067 1747 1106 dolorem
1764 1067 1965 1109 effundam.
2173 1070 2176 1075 ’

550 1203 1137 1305 ACTUsrw
1235 1231 1758 1330 scENA1‚

707 1342 1128 1457 MYRaHINA.
1199 1396 1604 1453 PHIDIPPUS.

126 1529 244 1604 My.
278 1518 459 1598 Pssan,
498 1528 620 1603 quid
661 1530 845 1600 agam?
898 1532 1000 1603 quo
1040 1550 1124 1584 me
1162 1534 1391 1585 vortam?
1430 1534 1554 1603 quid
1657 1535 1748 1588 My·
1774 1535 1923 1578 Perdit*²
1948 1553 2052 1587 wrm
2087 1541 2180 1592 quid

268 1623 384 1657 meo
407 1600 718 1674 respondebo
740 1605 847 1656 viro
1228 1625 1254 1636 Χ
1363 1603 1513 1672 [entis
1532 1619 1546 1653 z

51 1707 58 1713 ·›
125 1675 352 1728 Misera?
391 1694 516 1728 nam
533 1676 731 1744 audisse
762 1693 938 1727 vocem
977 1673 1121 1746 pueri
1143 1675 1274 1727 visus
1312 1685 1386 1726 est
1411 1676 1550 1745 vagi-

121 1741 148 1797 Ι
151 1757 202 1798 ta
220 1742 459 1816 corripuit
482 1742 750 1816 derepente
771 1746 953 1799 tacitus
971 1764 1076 1798 sese
1095 1747 1159 1798 ad
1176 1746 1352 1798 filiam.

123 1817 278 1875 ‚Quod
314 1817 371 1869 sir
389 1819 643 1875 resciverit
679 1818 925 1887 peperisse
966 1835 1098 1883 eam,
1140 1817 1194 1870 id
1235 1821 1334 1888 qua
1375 1818 1548 1869 caussa

207 1883 211 1886 ’
265 1891 396 1940 clam
423 1907 507 1940 me
531 1889 762 1940 habuisse
1043 1941 1059 1958 ,υ
1152 1940 1154 1942 ,

118 1957 328 2024 Dicam,
353 1977 455 2012 non
481 1960 675 2029 aedepol
700 1960 819 2012 scio.
991 2025 995 2029 ῃ
1508 1966 1539 2013 5

118 2029 222 2098 Sed
240 2031 422 2082 ostium
443 2031 767 2102 concrepuit:
810 2025 960 2083 credo
983 2031 1150 2102 ipsum
1179 2029 1244 2083 ad
1264 2049 1347 2084 me
1370 2031 1505 2083 exire
1527 2053 1540 2085 :

217 2138 221 2142 -
261 2103 402 2153 nulla
424 2120 551 2155 sum.
729 2155 732 2166 ί

117 2169 227 2224 Ph.
253 2172 395 2225 Uxor
410 2173 498 2225 ubi
517 2191 600 2224 me
615 2173 679 2225 ad
697 2173 854 2225 filiam
875 2169 947 2225 ire
965 2173 1133 2237 sensit,
1152 2192 1204 2237 se
1224 2174 1365 2225 duxit
1384 2175 1538 2230 foras:

115 2245 287 2314 Atque
323 2262 499 2296 eccam
537 2245 698 2296 video.
754 2245 876 2314 quid
911 2245 1000 2310 aiS,
1038 2244 1343 2313 Myrrhina?
1393 2246 1538 2310 heuS,

257 2314 351 2368 tibi
375 2313 505 2368 dico.
540 2316 654 2384 My.
677 2315 888 2380 mihine,

113 2383 199 2437 Mi
221 2385 327 2438 vir?
368 2386 468 2438 Ph.
494 2386 570 2437 vir
604 2405 700 2455 ego
723 2387 870 2438 tuus?
910 2399 967 2438 tu
1002 2386 1165 2439 virum
1203 2404 1303 2452 me,
1328 2397 1414 2438 aut
1437 2387 1533 2439 ho-

254 2457 449 2509 minem
467 2458 598 2518 ‚adeo
622 2476 727 2509 esse
750 2459 955 2527 deputas
975 2459 993 2509 ?

110 2524 247 2579 Nam
271 2528 314 2580 si
336 2529 581 2581 utrumvis
599 2529 798 2594 horum,
821 2529 1020 2594 mulier,
1041 2547 1264 2600 unquam
1284 2529 1378 2582 tibi
1401 2529 1532 2597 visus

252 2599 428 2664 forem,
1007 2664 1010 2667 ἱ
1467 2609 1534 2654 10

109 2666 232 2730 Non
266 2667 339 2720 sic
375 2669 594 2722 ludibrio
628 2671 728 2723 tuis
764 2671 907 2723 factis
943 2671 1141 2724 habitus
1168 2688 1344 2725 essem.
1416 2673 1531 2742 My.

250 2739 464 2808 quibus?
505 2742 607 2792 Ph.
625 2753 682 2792 at
705 2743 922 2810 rogitas?

105 2808 308 2880 Peperit
342 2810 481 2863 filia?
540 2812 690 2864 hem!
741 2814 909 2865 taces?
964 2830 1027 2864 ex
1063 2814 1199 2884 quo?
1250 2814 1365 2884 My.
1401 2815 1531 2867 istuc

249 2899 422 2951 rogare
447 2901 650 2951 aequum
677 2892 750 2934 est
773 2893 966 2952 patrem
986 2885 1008 2938 ?v

105 2949 256 3004 Perii.
293 2971 356 3005 ex
373 2971 475 3023 quo
494 2972 682 3019 censeS,
701 2954 796 3005 nisi
821 2953 884 3006 ex
916 2955 1022 3022 illo,
1047 2955 1132 3008 cui
1150 2957 1265 3010 data
1288 2966 1362 3009 est
1397 2976 1527 3028 nup-

246 3031 356 3074 tum
380 3026 624 3077 obsecro?

103 3092 209 3146 Pa.
248 3092 426 3158 Credo,
447 3102 623 3166 'neque
658 3096 783 3148 adeo
819 3096 1045 3149 arbitrari
1079 3099 1231 3168 patris
1268 3109 1342 3151 est
1364 3099 1524 3153 aliter.

244 3164 332 3215 sed
350 3163 582 3232 demiror,

22 3278 31 3293 s
104 3232 246 3307 Quid
277 3234 357 3298 sit,
388 3238 716 3304 quamobrem
756 3247 1016 3310 tantopere
1050 3240 1188 3293 hunc
1223 3259 1401 3295 omnes
1434 3259 1526 3294 nos

228 3305 407 3361 celare
432 3308 645 3359 volueris
1269 3363 1273 3366 ,
1459 3319 1522 3366 15

101 3374 344 3439 Partum3
378 3378 655 3446 praesertim
698 3381 817 3433 cum
847 3389 899 3437 et
935 3383 1089 3447 recte,
1122 3391 1174 3434 et
1207 3400 1297 3435 suo
1330 3385 1527 3453 peperit

240 3448 484 3517 tempore.

1603 1591 1734 1639 agam?
1791 1593 1867 1642 quo
1910 1606 1971 1631 me
2008 1602 2142 1632 vertam
2158 1596 2178 1634 i·

1602 1639 1706 1684 Quid
1733 1646 1900 1696 responsi
1931 1647 2063 1685 marito
2092 1659 2179 1686 meo

1602 1695 1750 1743 reddam
1783 1696 1940 1736 infelix?
1986 1698 2087 1738 Nam
2116 1714 2179 1739 va-

1598 1747 1734 1798 gientis
1751 1751 1866 1800 pueri.
1878 1750 2015 1789 clamor
2031 1753 2178 1791 videtur

1598 1801 1644 1838 ad
1674 1814 1779 1840 aures
1825 1800 1902 1853 ejus
1941 1807 2176 1856 pervenisse}

1597 1852 1690 1891 adeo
1718 1853 1869 1907 raptim,
1906 1866 1944 1896 et
1973 1857 2099 1896 subito
2125 1860 2178 1897 si-

1598 1905 1679 1943 lens
1705 1908 1751 1946 ad
1780 1907 1894 1947 filiam
1932 1923 1982 1948 se.
2002 1912 2175 1962 contuiit.

1596 1957 1712 2000 Quod
1733 1990 1738 1995 .
1756 1961 1787 1998 si
1833 1964 2046 2013 cognoverit
2090 1978 2174 2004 eam

1595 2022 1743 2067 partum
1774 2014 1944 2061 edidisse,
1979 2029 2046 2066 per
2086 2015 2176 2056 Pol-

1594 2065 1716 2103 lucem
1740 2067 1880 2113 nescio,
1904 2068 1976 2118 qua
1999 2070 2044 2107 de
2063 2072 2174 2110 causi

1525 2121 1529 2127 '
1594 2119 1630 2155 ei
1646 2118 1764 2156 dicam
1794 2133 1855 2157 me
1883 2118 1955 2158 hoc
1986 2123 2172 2162 ceiavisse.

1594 2168 1668 2209 Sed
1681 2172 1816 2210 ostium
1833 2173 1980 2211 stridet:
1995 2177 2171 2229 credoip-

1591 2236 1673 2261 sum
1701 2224 1798 2263 foras
1830 2226 1876 2263 ad
1906 2240 1966 2264 me
1996 2229 2166 2278 prodire.

1590 2277 1698 2327 perii.
1744 2278 1815 2317 Ph.
1848 2277 1927 2316 Ubi
1959 2293 2051 2318 uxor
2077 2282 2170 2322 vidit

1590 2342 1652 2366 me
1683 2330 1728 2367 ad
1752 2330 1862 2369 filiam
1894 2332 1963 2379 ire,
1984 2331 2080 2372 foras
2100 2335 2168 2372 ab·

1589 2382 1656 2419 iit:
1697 2391 1808 2434 atque
1839 2396 1925 2422 ecce
1956 2399 2036 2424 eam
2076 2400 2168 2425 con-

1588 2447 1606 2471 s
1635 2435 1718 2473 icio.
1787 2434 1892 2479 Quid
1936 2438 2017 2484 anis,
2057 2437 2167 2494 Myr-

1586 2447 1720 2526 rfiina?
1758 2490 1847 2538 quid
1889 2489 2000 2528 siles?
2055 2490 2167 2542 heus,

1586 2548 1624 2577 te
1639 2540 1798 2592 appello.
1850 2543 1941 2594 My.
1967 2541 2087 2584 Mene
2106 2547 2166 2597 ip-

1584 2605 1663 2630 sam
1680 2594 1856 2645 appellas,
1884 2596 1937 2633 mi
1966 2597 2047 2634 vir?
2090 2599 2165 2638 Plz.

1583 2646 1648 2683 An
1664 2647 1718 2684 vir
1731 2659 1805 2698 ego
1821 2656 1909 2697 tuus
1922 2649 2033 2688 sum?
2051 2648 2163 2690 Tune

1582 2698 1701 2737 virum
1718 2709 1784 2736 aut
1808 2697 1999 2739 hominem
2029 2715 2162 2754 quem·-

1581 2749 1674 2788 libet
1717 2753 1903 2791 existimas
1942 2767 2004 2792 me
2047 2758 2160 2797 esse?

1582 2802 1683 2841 Nam
1717 2805 1747 2842 si
1787 2808 1966 2844 utrumvis
2009 2806 2162 2858 horum,

1581 2855 1728 2903 mulier,
1750 2870 1811 2895 me
1834 2858 2053 2909 judicasses,
2081 2875 2161 2902 non

1579 2910 1634 2947 sic
1647 2921 1714 2960 per
1728 2923 1786 2957 ea,
1805 2924 1890 2961 quae
1907 2910 2045 2960 fecisti,
2063 2915 2159 2953 deri-

1579 2974 1642 2998 sus
1656 2970 1692 2999 et
1707 2962 1855 3001 delusus
1868 2962 2032 3004 fuissem.
2067 2968 2160 3021 My.

1579 3011 1650 3051 Per
1677 3028 1761 3065 quae
1790 3029 1872 3053 mea
1895 3016 1990 3055 sacta
2020 3019 2158 3060 derisui

1579 3065 1711 3105 fuisti?
1746 3068 1814 3105 Ph.
1842 3069 1895 3107 At
1925 3071 2035 3108 etiam
2054 3085 2158 3122 quae-

1578 3120 1654 3157 ris?
1698 3118 1790 3157 Filia
1825 3129 1950 3160 nostra
1982 3125 2155 3174 peperit?

1578 3170 1700 3210 Hem!
1717 3172 1828 3210 siles?
1847 3171 1906 3212 Ex
1915 3188 1992 3224 quo
2002 3173 2156 3216 homine

1577 3225 1747 3276 peperit?
1764 3226 1869 3276 'My.
1887 3224 1993 3264 Istud
2011 3224 2156 3278 patrem

1578 3275 1684 3314 decet
1719 3278 1941 3328 interrogare
1974 3279 2018 3316 de
2044 3279 2153 3320 filia?

1578 3329 1718 3381 perdita
1743 3342 1840 3367 sum.
1903 3329 1966 3369 Ex
1991 3345 2153 3383 quonam

1576 3382 1739 3432 opinaris
1757 3381 1856 3420 illam
1869 3385 2071 3435 peperisse,
2096 3388 2156 3425 ni-

1575 3435 1609 3471 si
1637 3447 1684 3471 ex
1714 3447 1759 3471 eo
1788 3435 1850 3472 cui
1868 3448 1958 3475 uxor
1979 3437 2063 3475 data
2081 3449 2153 3488 est,

1574 3484 1726 3529 obsecro
1741 3485 1758 3523 ?
1778 3486 1847 3525 ΡῘι.
1861 3484 1983 3527 Credo
1992 3503 2074 3529 earn
2086 3498 2153 3543 'pe-

1574 3539 1710 3589 perisse
1733 3551 1778 3576 ex
1794 3536 2004 3592 Pamphilo,
2027 3556 2149 3595 neque

95 3581 184 3640 licet
198 3583 306 3639 ptri
319 3575 436 3623 aliter-
450 3579 612 3624 censere.
637 3583 714 3625 Sed
730 3586 866 3626 mirum
877 3570 882 3575 ι
892 3584 987 3630 mibi
1000 3596 1073 3635 est,
1090 3588 1329 3638 quamobrem
1346 3596 1489 3628 tantam
1506 3601 1641 3641 curantr
1655 3601 1693 3628 et
1709 3586 1859 3642 operam
1877 3591 2077 3634 adhibuisti
2104 3598 2151 3635 ad

94 3696 343 3742 masmae,
358 3692 515 3742 peperit.

442 3807 448 3828 Ι

224 3644 370 3695 partum
398 3637 506 3675 nobis
533 3637 814 3699 occultandum:
842 3640 1031 3693 praeeipub
1046 3641 1133 3679 cm
1155 3642 1270 3689 recte,
1286 3651 1325 3680 et
1343 3650 1509 3695 tempore
1526 3653 1705 3695 congruo,
1724 3654 1800 3696 quo
1814 3651 2046 3698 praegnantes
2065 3661 2150 3701 pos-

1463 3755 1490 3788 2
1506 3744 1545 3784 D
