2314 3944
0 2764 11 2786 Ν
24 2790 27 2791 ⁷

123 118 240 166 160

133 256 206 295 De.
232 254 338 294 Itane
363 261 429 295 ''me
459 254 583 293 audire
601 265 708 291 recu-

128 321 204 355 sas,
228 319 266 347 et
283 309 392 347 abis?
439 309 516 346 Mi.
543 307 605 345 An
635 319 707 356 ego

129 363 243 400 toties
257 362 303 400 de
320 360 390 400 hae
413 375 453 398 re
478 362 606 397 iterata
626 360 706 396 odi-

129 428 196 452 osa
242 415 351 453 verba
393 414 520 451 audire
561 411 701 463 cogar?

129 469 202 506 De.
229 467 321 506 Non
348 479 499 519 possum
533 477 610 502 non
639 462 708 501 ha-

121 521 218 559 ,bere
243 533 366 558 curam
401 519 480 558 filii.
533 518 610 555 Mi.
638 515 707 554 AE-

129 575 204 625 que
222 572 314 611 mihi
333 585 432 610 curae
460 579 531 617 est,
554 584 596 608 ac
613 570 703 608 tibi:

129 628 250 678 atqui,
302 625 463 671 Demea,
517 623 708 674 aequaliter

129 680 332 732 partiamur
352 691 456 715 curas
472 677 631 714 filiorum
647 684 708 713 tu-

129 745 258 770 orum:
293 741 338 768 tu
363 730 520 768 alterum
547 729 707 776 curabis,

128 784 231 824 hunc
261 797 395 836 nempe
422 796 532 834 quem
567 782 708 820 retinu-

130 839 195 877 isti
226 837 323 889 apud
357 846 416 882 te;
453 849 524 888 ego
553 835 707 873 alterum

129 892 283 930 itidem:
330 903 415 928 nam
450 889 551 940 quod
580 888 707 926 ambos

126 957 257 997 regere
274 952 341 982 tuo
354 942 443 980 velis
456 942 622 987 arbitrio,
635 939 708 979 hoc

130 998 228 1049 pene
271 1005 329 1034 est
371 1005 538 1047 repetere
589 995 709 1042 iilum,

129 1063 245 1102 quem
261 1062 328 1102 per
344 1049 580 1100 adoptionem
609 1049 647 1086 in
666 1047 710 1085 fi-

130 1103 226 1142 lium
246 1102 391 1141 dedisti.
429 1102 499 1140 De.
530 1099 608 1148 Ah,
628 1098 710 1138 Mi-

126 1157 201 1203 tio,
219 1155 309 1207 quid
332 1167 392 1194 me
422 1154 591 1194 accusas!
632 1153 709 1191 Mi.

131 1207 233 1248 Sane
257 1207 312 1246 sic
337 1221 483 1247 censeo.
529 1208 600 1245 De.
623 1205 708 1245 Ah!

131 1275 201 1300 cur
235 1261 317 1300 haec
347 1260 443 1299 mihi
481 1259 707 1312 exprobras?

133 1313 177 1353 Si
206 1316 258 1353 ita
282 1315 416 1362 sentis,
435 1315 619 1366 prodigat,
645 1311 710 1350 ab·

131 1378 271 1414 sumat,
304 1369 344 1406 in
375 1367 579 1419 perniciem
605 1374 709 1412 ruat3

131 1420 228 1467 nihil
247 1421 330 1459 mea
345 1419 470 1459 refert.
496 1419 584 1458 ‹Jam
610 1420 641 1458 si
669 1432 713 1467 u-

133 1488 227 1513 num
269 1474 424 1512 verbum
468 1471 623 1526 posthac
666 1472 713 1510 de

130 1526 204 1566 hac
218 1541 258 1566 re
272 1527 342 1565 tibi
359 1526 495 1565 fecero.
522 1526 598 1564 Mi.
615 1524 714 1564 Rur—

132 1594 232 1627 sum,
268 1578 429 1628 Demea,
465 1580 518 1618 ira
549 1591 714 1618 commo-

129 1634 250 1672 veris?
299 1633 369 1672 De.
409 1632 552 1672 Annon
597 1633 714 1670 credis

130 1694 193 1725 me
230 1687 366 1725 irasci?
413 1699 503 1724 num
546 1699 714 1738 reposco,

132 1753 247 1790 quem
271 1739 483 1792 adoptivum
510 1738 582 1777 tibi
599 1739 712 1776 tradi—

131 1794 200 1832 di?
239 1794 394 1831 minime
420 1792 568 1844 quidem
587 1805 712 1844 repos-

132 1859 194 1893 co,
216 1846 280 1885 sed
303 1846 401 1897 aegre
429 1845 509 1883 fero
533 1845 613 1895 ejus
631 1845 713 1883 lux-

133 1913 200 1938 um
235 1908 273 1937 et
307 1899 515 1945 libidinem,
546 1899 712 1950 quamvis

131 1965 200 2006 per
232 1952 467 2004 adoptionem
512 1965 600 1989 eum
642 1951 712 1990 tibi

134 2006 308 2044 cesserim
322 2020 331 2042 :
346 2013 473 2043 tamen
482 2004 712 2057 cognationis

128 2059 214 2109 jure
238 2057 397 2096 naturali
425 2067 618 2097 extraneus
635 2070 712 2095 non

134 2116 233 2159 sum,
255 2114 330 2161 quo
348 2112 473 2150 minus
497 2112 620 2150 mirari
650 2110 715 2148 de—

133 2165 215 2211 bes,
244 2166 273 2201 si
309 2165 441 2202 obsum
475 2174 551 2202 tuae
581 2163 714 2202 volun·-

132 2219 221 2263 tati;
250 2218 314 2256 sed
330 2226 455 2255 tamen
470 2230 542 2270 ego
563 2218 713 2256 desista

135 2270 204 2310 Vis
243 2273 354 2308 unius
382 2271 617 2309 solummodo
648 2283 714 2309 cu·

132 2338 211 2363 ram
238 2322 416 2370 habeam3
445 2323 529 2362 volo
565 2333 607 2362 ut
635 2325 711 2361 vis:

135 2387 175 2415 et
202 2377 272 2416 diis
289 2378 425 2429 gratias
451 2375 587 2423 habeo,
614 2376 714 2428 quod

131 2431 196 2470 ille
215 2444 320 2468 meus
339 2428 520 2482 Ctesipho
545 2430 626 2469 talis
643 2439 713 2477 est,

136 2483 285 2534 qualem
304 2485 435 2535 cupio:
465 2485 536 2521 iste
554 2492 640 2521 tuus
658 2484 715 2535 ip—

122 2551 174 2575 „se
201 2535 403 2576 AEschinus
429 2537 618 2589 postremo
651 2549 715 2574 ex-

136 2591 303 2641 perietur
338 2589 436 2627 mala
478 2603 563 2639 quoe
599 2590 716 2627 nimia

131 2653 202 2681 tua
231 2641 387 2680 facilitas
415 2651 454 2680 et
484 2643 715 2695 indulgentia

129 2693 206 2746 'ipsi
242 2697 423 2734 attulerit:
457 2695 546 2734 nolo
586 2704 716 2734 contra

136 2748 244 2787 illum
252 2743 378 2799 pejora
392 2749 590 2800 praedicere
603 2757 715 2801 atque

757 108 817 161 Ρ.’
846 0 1197 160 '1¹ssOEng
1231 56 1578 163 ADELPHI.

759 248 863 302 De.
901 247 1106 300 Siccine
1130 247 1276 317 agis?
1314 250 1419 302 Ma:
1453 266 1521 303 an
1542 261 1644 318 ego⁴
1661 249 1809 302 toties
1833 249 2100 303 decadem
2137 263 2191 302 re

900 319 1107 372 audiam
1122 321 1140 372 ?

758 389 861 443 De.
899 390 1050 443 Curae
1071 401 1147 443 est
1170 391 1319 445 mihi.
1356 391 1458 443 Mi.
1482 399 1534 442 et
1558 391 1687 445 mihi
1710 411 1846 446 curae
1864 403 1971 445 est:
1995 393 2192 459 verum,

901 461 1119 524 Demea,

761 533 1011 585 Curemus
1033 551 1233 603 aequam
1251 543 1463 603 uterque
1486 542 1680 603 partem
1702 553 1732 599 ;.
1753 543 1810 589 tu
1832 536 2066 599 alterum,
2119 540 2191 587 50

760 605 877 673 Ego
902 603 1024 728 gem
1057 608 1288 659 alterum.
1329 624 1448 658 nam
1484 607 1660 659 ambos
1696 622 1885 689 curare,
1919 625 2189 678 propemo-

939 695 1028 729 um

761 746 1044 817 Reposcere
1069 748 1216 802 illum
1238 759 1329 814 est,
1346 766 1507 819 quem
1531 747 1728 801 dedisti.
1765 747 1870 800 De.
1890 748 1974 812 ah,
1998 747 2188 802 Mitio!

762 820 862 872 Mi.
900 819 1038 871 Mihi
1062 821 1134 872 sic
1157 820 1371 873 videtur.
1406 820 1510 874 De.
1533 820 1656 891 quid
1679 819 1842 872 istuc?
1880 818 1975 874 tibi
1996 821 2038 872 si
2062 820 2192 873 istuc

940 892 1088 957 lacet,

763 909 1055 1027 ProfuIiidat,
1075 959 1266 1032 perdat,
1290 971 1461 1032 pereat
1485 983 1498 1015 ε
1534 962 1663 1017 nihil
1681 962 1744 1014 ad
1767 979 1850 1013 me
1866 961 2063 1016 attinet.

762 1033 885 1086 Jam
917 1033 959 1086 si
995 1036 1206 1086 verbum
1230 1053 1392 1087 unum
1414 1034 1640 1104 posthac.
1709 1033 1810 1085 Mi.
1846 1051 2061 1101 rursum,
2076 1032 2194 1089 *De-

904 1123 1036 1172 mea,
1888 1146 1899 1169 „
2051 1122 2054 1124 ’
2122 1110 2190 1158 55

762 1176 979 1229 Irascere
1000 1179 1017 1229 ?
1056 1178 1162 1231 De.
1189 1197 1253 1230 an
1278 1195 1380 1230 non
1407 1176 1599 1230 credis?
1627 1177 1850 1247 repeton’
1868 1195 2021 1247 quem
2045 1176 2191 1231 dedi?

762 1249 922 1317 AEgre
945 1258 1036 1301 est.
1059 1250 1252 1302 alienus
1272 1267 1375 1301 non
1399 1266 1530 1312 sum,
1552 1250 1595 1301 si
1618 1252 1791 1301 obsto:
1830 1249 1951 1301 hem
1975 1249 2167 1302 desino.

764 1320 941 1373 Unum
964 1321 1037 1372 vis
1063 1339 1236 1374 curem
1255 1340 1270 1386 ;
1309 1338 1429 1372 curo
1449 1341 1462 1371 ε
1499 1329 1550 1370 et
1570 1331 1645 1373 est
1668 1321 1762 1373 diis
1786 1320 1961 1389 gratia,

765 1392 942 1448 Quom
967 1392 1053 1457 ita,
1076 1403 1136 1444 ut
1154 1395 1285 1456 volo,
1311 1402 1383 1443 est
1403 1411 1415 1442 :
1454 1391 1546 1442 iste
1565 1402 1680 1444 tuus
1700 1392 1805 1460 ipse
1828 1392 2012 1444 sentiet

763 1463 1042 1515 Posterius:
1081 1466 1201 1516 nolo
1223 1465 1278 1515 in
1299 1464 1445 1516 illum
1469 1456 1668 1530 gravius
1691 1463 1875 1515 dicere.
2122 1466 2195 1512 60

764 1535 866 1587 Mi.
904 1535 1020 1587 Nec
1040 1535 1188 1601 nihil,
1222 1552 1387 1606 neque
1410 1533 1585 1588 omnia
1608 1535 1719 1587 haec
1739 1542 1873 1599 sunt,
1897 1549 2012 1603 quae
2036 1531 2195 1585 dicit:

904 1615 1079 1659 tamen

765 1678 1019 1731 Nonnihil
1042 1679 1252 1731 molesta
1274 1678 1388 1731 haec
1412 1688 1530 1732 sunt
1551 1678 1681 1732 mihi
1703 1699 1716 1731 :
1753 1677 1840 1730 sed
1863 1675 2127 1729 ostendere

763 1750 858 1802 Me
884 1753 1020 1819 aegre
1042 1750 1148 1820 pati
1173 1749 1250 1801 illi
1270 1751 1442 1805 nolui:
1481 1770 1601 1804 nam
1625 1751 1695 1803 ita
1720 1759 1793 1802 est
1815 1749 1996 1803 homo:

766 1821 901 1873 Cum
921 1824 1085 1891 place,
1107 1821 1339 1874 advorsor
1360 1824 1550 1888 sedulo,
1575 1832 1626 1874 et
1649 1822 1874 1874 deterreo
1893 1839 1910 1883 ;

763 1892 964 1945 Tamen
987 1893 1209 1945 humane
1231 1892 1316 1944 vix
1335 1895 1550 1962 patitur:
1589 1895 1762 1945 verum
1782 1891 1824 1943 si
1842 1907 2074 1960 augeam,
2124 1894 2193 1941 65

765 1965 870 2016 Aut
895 1964 1049 2016 etiam
1072 1962 1268 2033 adjutor
1290 1964 1384 2019 sim
1411 1964 1515 2034 ejus
1538 1964 1828 2028 iracundiae,

765 2035 1020 2088 Insaniam·
1038 2036 1265 2105 profecto
1287 2054 1407 2089 cum
1432 2037 1544 2089 illo:
1581 2036 1672 2088 etsi
1691 2034 1968 2087 AEschinus'

765 2102 1083 2160 Nonnullam
1108 2107 1163 2159 in
1186 2107 1283 2159 hac
1307 2125 1360 2159 re
1385 2108 1528 2160 nobis
1552 2107 1703 2160 faciat
1727 2105 1983 2177 injuriam.

766 2180 937 2236 Quam
953 2179 1039 2231 hic
1056 2197 1158 2230 non
1176 2180 1364 2231 amavit
1377 2179 1714 2243 meretricem,
1730 2187 1819 2230 aut
1834 2177 1918 2228 cui
1938 2193 2043 2232 non
2055 2174 2196 2228 dedit

765 2249 1011 2320 Aliquid?
1049 2252 1302 2320 postremo
1326 2270 1487 2322 nuper
1513 2251 1682 2320 (credo
1697 2248 1807 2320 jam
1831 2247 2063 2302 omnium
2122 2249 2197 2311 70

765 2322 1029 2389 Taedebat)
1059 2322 1186 2374 dixit
1203 2324 1331 2375 velle
1355 2341 1565 2376 uxorem
1584 2322 1785 2374 ducere.

767 2394 1044 2463 Sperabam
1055 2392 1163 2463 jam
1184 2394 1446 2447 defervisse
1463 2393 1886 2447 adolescentiam:
1984 2446 1987 2451 ,

769 2465 1070 2518 Gaudebam
1094 2485 1107 2519 :
1147 2483 1267 2518 ecce
1291 2475 1463 2520 autem
1487 2467 1550 2519 de
1576 2465 1790 2535 integro,
1826 2460 1924 2516 nisi
1948 2459 2196 2533 quidquid

907 2548 998 2601 est,

764 2608 896 2660 Volo
937 2608 1082 2674 scire,
1136 2618 1286 2680 atque
1333 2610 1597 2663 hominem
1643 2606 1930 2673 convenire,
1969 2603 2015 2658 si
2057 2602 2196 2676 apud

909 2681 1075 2732 forum
1100 2690 1190 2733 est.

135 2802 308 2839 ominari.
348 2803 424 2840 Mi.
454 2800 646 2840 Nonnulla
663 2815 747 2853 quae
764 2803 854 2842 dicit
871 2802 1017 2844 Demea
1033 2805 1079 2844 de
1092 2804 1288 2851 AEschino‚
1305 2818 1390 2843 vera
1406 2805 1556 2858 quidem
1576 2814 1677 2854 sunt,
1694 2819 1773 2845 non
1789 2814 1915 2844 autem
1929 2800 2068 2841 omnia.
2108 2795 2195 2838 Etsi

137 2854 318 2893 nonnulla
335 2854 399 2892 iila
424 2854 583 2906 aliquam
606 2855 813 2895 molestiam
841 2856 935 2895 mihi
953 2858 1168 2905 exhibeant,
1187 2855 1290 2897 nolui
1307 2867 1430 2897 tamen
1449 2860 1686 2898 manifestum
1699 2859 1819 2898 facere
1835 2855 2006 2900 Demeae,
2030 2864 2093 2891 ¹¹²⁸
2118 2864 2197 2890 '¹⁰¹¹

138 2919 250 2959 aequo
267 2908 392 2945 animo
411 2907 472 2945 illa
491 2909 566 2959 pati
585 2922 594 2945 ε
623 2909 674 2946 sic
692 2910 793 2947 enim
807 2909 921 2949 homo
937 2910 958 2948 a
977 2912 1106 2950 natura
1123 2910 1242 2950 factus
1262 2920 1338 2959 θεῖς
1359 2915 1445 2950 cum
1459 2926 1545 2951 eum
1562 2913 1747 2965 placidum
1765 2924 1811 2949 ex
1827 2911 1922 2947 irato
1934 2905 2084 2946 reddere
2096 2904 2197 2951 volo,

138 2961 174 2999 ei
193 2961 368 2998 acerrime
385 2974 567 3012 repugno,
587 2971 625 2999 et
640 2975 706 3012 per
723 2963 795 3000 vim
810 2973 847 3000 et
865 2972 1007 3003 metum
1025 2964 1071 3003 ab
1091 2965 1144 3002 ira
1161 2978 1314 3003 revoco:
1343 2975 1382 3002 et
1409 2974 1534 3004 tamen
1557 2967 1615 3003 vix
1633 2966 1765 3004 leniter
1778 2962 1816 3001 id
1833 2961 1993 3014 patitur:
2019 2958 2147 2996 verbm
2164 2957 2198 2996 si

138 3014 175 3052 ei
194 3014 432 3064 obsequendo
446 3014 562 3065 magis
580 3015 734 3061 irritem,
751 3016 992 3067 adjuvemque
1010 3019 1192 3069 impetum
1214 3018 1293 3068 ejus
1311 3019 1524 3064 iracundiae,
1541 3017 1613 3058 hoc
1630 3019 1698 3057 erit
1711 3014 1877 3070 profecto
1893 3025 1980 3052 cum
1996 3012 2079 3063 ipso
2097 3011 2198 3048 insa-

139 3068 243 3104 nire:
273 3068 344 3105 etsi
362 3065 564 3106 AEichinus
588 3067 748 3118 aliquam
768 3069 875 3107 nobis
901 3067 981 3108 haec
1000 3070 1142 3123 agendo
1158 3070 1243 3109 facit
1262 3072 1444 3121 injuriam.
1497 3068 1622 3114 Quam
1650 3072 1681 3109 is
1699 3069 1930 3108 meretricem
1946 3065 2103 3104 amicam
2119 3075 2197 3101 non

139 3118 289 3166 habuit,
313 3130 376 3158 aut
394 3121 454 3158 cui
474 3120 689 3172 (meretrici)
709 3122 804 3158 dona
822 3135 895 3160 non
915 3122 1066 3174 largitus
1084 3123 1169 3161 est?
1199 3123 1345 3162 Ultimo
1362 3137 1480 3176 nuper
1501 3123 1608 3175 (puto
1635 3123 1805 3161 omnium
1831 3120 2030 3158 amicarum
2046 3116 2198 3156 satietas

139 3186 229 3211 eum
249 3172 410 3225 ceperat)
433 3173 527 3211 dixit
544 3187 583 3211 se
601 3187 734 3225 cupere
751 3188 902 3213 uxorem
920 3174 1069 3214 habere.
1123 3174 1239 3228 Spem
1255 3190 1511 3228 conceperam,
1531 3176 1709 3214 fervorem
1725 3173 1947 3226 juvenilium
1963 3170 2047 3209 volu
2076 3178 2198 3208 tatum

141 3226 311 3264 sedatum
329 3239 432 3264 esse:
459 3227 663 3276 gaudebam
680 3241 689 3263 ε
719 3239 804 3265 eccc
824 3237 949 3266 autem
966 3229 1011 3267 de
1029 3242 1125 3267 novo
1137 3242 1257 3271 amare
1272 3232 1399 3285 coepit.
1443 3229 1519 3272 Sed
1531 3230 1707 3285 quicquid
1723 3236 1798 3279 est,
1813 3226 1896 3269 volo
1912 3224 2040 3266 cettei
2080 3223 2198 3273 scire3

140 3276 407 3332 hominemque
425 3279 524 3320 adire
541 3289 651 3333 atque
669 3280 822 3334 alloqui,
837 3283 868 3322 si
887 3283 927 3322 in
939 3281 1020 3324 foro
1033 3289 1208 3325 versatur.
