2314 3944
170 173 278 224 220

170 315 237 365 qui
272 314 418 355 stultior
451 325 508 356 cst
526 317 633 367 quam
665 314 736 355 dici

168 368 296 418 possit.
348 368 419 407 Ph.
446 369 499 407 At
526 379 567 407 tu
586 371 649 419 qui
667 370 736 407 tibi

168 419 254 471 plus
297 420 379 459 aliis
423 434 548 472 ease-e
590 421 736 467 videris,

167 474 400 524 magistratus
417 474 586 519 conveni,
609 483 652 511 ut
668 475 738 511 ite-

165 537 248 562 rum
275 526 320 564 de
348 524 474 563 eadem
501 525 609 563 causa
626 540 734 577 agas:

166 577 462 628 quandoquidem
490 576 553 619 hic
574 577 735 617 Athenis

166 642 323 682 regnum
341 629 439 666 solus
457 630 511 667 vis
537 633 734 682 possidere,

166 691 207 720 et
236 682 304 718 soli
337 694 551 720 concessum
571 693 640 730 est,
667 684 735 723 lite

166 734 281 774 semel
321 735 517 773 terminata
549 735 612 773 'bis
649 738 734 786 jure

165 787 334 837 experiri.
392 787 461 827 De.
491 787 670 831 Quamvis
688 790 734 827 ab

162 839 291 894 iniqua
301 839 471 889 judicum
483 843 666 881 sententia
678 844 735 880 in-

156 891 295 941 juriam
305 895 522 944 acceperim,
531 903 655 932 tamen
667 909 735 947 po-

162 945 239 982 tius
274 944 385 996 quam
427 946 554 984 litibus
594 961 734 996 vacem,

162 1007 228 1035 aut
245 1006 369 1036 tecum
388 1000 622 1047 contendam,
649 1002 734 1039 cum

162 1049 246 1102 lege
261 1053 503 1089 constitutum
517 1053 567 1090 sit
581 1065 736 1106 cognata

162 1103 253 1141 orba
270 1106 438 1155 proximo
457 1114 500 1142 ut
518 1105 650 1153 nubat,
676 1107 734 1145 vel

160 1156 193 1195 si
219 1155 282 1193 ille
308 1157 467 1206 noluerit
493 1171 574 1196 eam
601 1159 733 1197 ducere

158 1212 327 1256 uxorem,
380 1211 504 1249 dotem
557 1212 732 1262 praebeat,

159 1259 257 1300 hanc
297 1262 453 1310 abduce,
497 1272 536 1302 et
569 1265 733 1315 quinque

161 1315 283 1353 minas
326 1317 464 1368 accipe.
536 1317 606 1355 Ph.
655 1317 731 1366 Ha,

159 1365 226 1415 ha,
243 1366 325 1407 hae!
346 1367 460 1408 homo
471 1369 660 1419 jucundus
678 1385 731 1419 es,

161 1428 202 1457 et
218 1419 380 1461 festivus.
443 1423 514 1461 De.
542 1421 645 1465 Quid
661 1425 731 1462 tibi

161 1474 244 1512 est?
274 1487 322 1512 an
337 1488 382 1512 ne
398 1474 471 1513 hoc
490 1476 640 1526 quidem
664 1478 731 1515 ob-

158 1526 303 1574 tinebo,
323 1537 366 1565 ut
377 1529 477 1578 jure,
495 1529 593 1579 quod
607 1530 731 1580 publi-

160 1591 247 1617 cum
274 1589 344 1627 est,
384 1580 476 1619 mihi
508 1583 562 1619 uti
590 1582 726 1620 liceat?

158 1632 232 1670 Ph.
273 1631 438 1676 Quid?
481 1635 586 1681 cedo,
623 1635 730 1673 lexne

157 1685 330 1736 imperat,
371 1687 434 1724 ubi
466 1687 645 1740 virginem
673 1690 730 1726 iu-

158 1739 319 1788 genuam
345 1739 550 1787 violaveris,
577 1752 617 1779 et
642 1755 726 1779 cum

159 1790 206 1828 ὠ
231 1793 536 1830 consuetudinem
556 1792 728 1832 habueris

157 1845 261 1894 quasi
280 1857 365 1882 cum
385 1847 592 1893 meretrice,
612 1848 646 1885 ei
663 1861 731 1899 pe-

156 1897 304 1935 cuniam
322 1910 390 1950 pro
406 1899 594 1946 meritorio
610 1914 729 1950 quaes·

156 1957 201 1987 tu
236 1949 335 1997 dare,
362 1961 471 2002 atque
497 1965 578 1989 eam
603 1954 655 1990 sic
672 1954 729 1991 di-

157 2002 338 2042 mittere?
367 2017 508 2042 annon
527 2006 654 2056 potius
663 2007 728 2057 ju·

154 2054 221 2093 bet
239 2056 406 2107 proximo
421 2069 502 2095 eam
519 2059 559 2096 in
576 2072 726 2097 uxorem

156 2107 247 2155 dari,
293 2118 337 2147 ut
379 2123 427 2147 ne
471 2110 558 2149 civis
599 2111 728 2151 Attica

155 2161 334 2212 probrum
352 2163 500 2214 aliquod
517 2164 555 2202 in
572 2178 611 2203 se
625 2178 726 2203 com-

155 2214 322 2252 mitteret
348 2216 474 2267 inopia
500 2227 639 2264 coacta,
667 2227 728 2256 ut-

156 2279 231 2317 que
257 2280 343 2306 eum
373 2270 486 2308 unico
512 2272 587 2308 viro
614 2273 726 2310 vitam

156 2321 404 2374 transigeret?
446 2324 546 2372 quod
570 2332 611 2362 tu
643 2338 727 2376 pro-

155 2370 279 2412 bibes.
350 2375 421 2412 De.
442 2373 507 2417 >Ita
533 2376 590 2414 lex
616 2377 727 2428 jubet

155 2426 321 2476 quidem,
347 2441 428 2466 eam
455 2430 625 2481 proximo
650 2430 727 2468 dari

157 2479 199 2516 in
231 2493 410 2518 uxorem:
456 2490 494 2519 at
530 2495 597 2520 nos
632 2484 726 2521 unde

156 2534 314 2582 proximi
341 2535 375 2571 ei
403 2547 543 2581 sumus,
570 2544 634 2573 aut
654 2536 728 2586 qua

152 2585 293 2632 tatione
309 2587 324 2624 ?
356 2587 425 2624 Ph.
443 2585 544 2635 Ohe,
565 2602 611 2626 ne
629 2589 728 2640 quod

155 2638 271 2676 semel
302 2648 427 2678 actum
453 2650 523 2687 est,
554 2651 591 2678 ut
619 2641 728 2691 vulgo

155 2690 232 2728 dici
246 2691 354 2738 solet,
369 2693 502 2731 iterum
518 2707 616 2746 agas.
657 2696 728 2732 De.

152 2741 246 2781 Nou
273 2745 405 2797 agam?
445 2747 534 2792 ima,
563 2760 638 2786 non
666 2749 726 2785 de-

156 2796 296 2843 sistam,
315 2797 431 2835 douec
446 2797 594 2838 felicem
613 2800 728 2838 finem

155 2847 244 2888 huic
276 2850 330 2887 rei
366 2850 587 2901 imposuero.
657 2854 726 2890 Ph.

153 2900 314 2941 Delirus.
381 2903 453 2940 De.
493 2903 585 2942 Sine
618 2907 727 2944 modo

151 2967 214 2993 me
242 2953 372 2993 facere.
442 2956 518 2995 ΡΙι.
538 2955 728 2996 Postremo

771 173 828 229 P.
862 170 1210 228 TERENTH
1243 134 1603 231 mommo.

791 313 944 385 Cujus
969 316 1032 368 de
1055 314 1268 367 stultitia
1292 306 1411 379 dici,
1431 323 1490 366 ut
1513 317 1723 385 dignum
1749 328 1838 384 est,
1862 336 1964 371 non
1987 324 2170 387 potest.

787 387 893 438 Ph.
930 388 1002 438 At
1025 396 1096 452 tu,
1122 386 1427 457 quisapiens
1450 404 1519 450 eS,
1543 389 1853 456 magistratus
1878 390 1975 454 adi,
2132 394 2200 442 56

789 457 823 508 J
829 457 1053 509 udicium
1078 459 1139 510 de
1165 457 1340 509 eadem
1366 459 1516 509 causa
1538 457 1719 510 iterum
1742 471 1801 512 ut
1822 462 2030 515 reddant
2053 460 2175 514 tibi:

789 528 1210 598 Quandoquidem
1235 530 1368 579 solus
1390 546 1584 596 regnae,
1609 538 1660 579 et
1682 530 1773 581 soli
1794 531 1912 584 licet

790 599 839 650 H
849 602 896 650 ic
922 600 983 650 de
1009 599 1185 651 eadem
1211 602 1364 651 causa
1386 600 1462 650 bis
1479 598 1732 669 judicium
1757 600 2034 670 adipiscier.

787 670 888 722 De.
928 670 1041 722 Etsi
1064 672 1196 722 facta
1218 670 1348 722 mihi
1373 669 1553 738 injuria
1576 682 1665 735 est,
1688 683 2012 730 veruntamen

787 741 1135 811 Potiusquilm
1161 742 1272 792 lites
1295 746 1470 807 secter,
1496 750 1582 792 aut
1604 744 1758 810 quam
1784 752 1834 792 te
1858 744 2077 810 audiam,

787 811 970 864 Itidem
995 825 1052 864 ut
1077 823 1293 882 cognata
1315 812 1459 876 sisit,
1483 813 1536 863 id
1560 813 1693 882 quod
1717 814 1798 863 lex
1813 812 1961 883 jubet
1971 832 1977 849 ι’

786 882 977 935 Dotem
1004 885 1135 948 dare,
1159 884 1352 935 abduce
1381 884 1529 948 hane,
1559 883 1968 954 minas·quinque
1990 885 2177 956 accipe.

789 954 896 1008 Ph.
935 956 1038 1021 Ha,
1083 955 1165 1017 ha,
1208 955 1307 1019 hae,
1350 954 1505 1006 homo
1530 954 1729 1025 suavis!
1804 954 1908 1008 De.
1944 955 2199 1026 quidest?

927 1045 1052 1078 num
1079 1027 1307 1095 iniquom
1332 1027 1562 1095 postulo?

786 1099 868 1150 An
890 1117 954 1150 ne
979 1098 1076 1149 hoc
1109 1097 1315 1167 quidem
1340 1115 1436 1165 ego
1467 1097 1726 1167 adipiscar,
1769 1098 1902 1167 quod
1928 1095 2011 1168 jus
2034 1099 2201 1167 publi-

927 1188 1045 1221 cum
1070 1170 1177 1220 est?
2131 1174 2198 1222 65

787 1239 891 1293 Ph..
931 1241 1074 1292 Itane
1097 1240 1300 1292 tandem
1327 1257 1495 1308 quaeso
1509 1258 1525 1305 3
1550 1239 1672 1292 item
1698 1248 1754 1291 ut
1778 1239 2093 1296 meretricem
2114 1241 2203 1294 ubi

925 1310 1096 1363 abusu'
1128 1312 1209 1374 sis,
1887 1360 1891 1365 .

786 1383 1082 1435 Mercedem
1109 1384 1223 1435 dare
1248 1386 1329 1436 lex
1345 1383 1493 1455 jubet
1515 1382 1578 1447 ei,
1603 1391 1752 1451 atque
1776 1382 2006 1434 amittere
2026 1382 2044 1432 ?
2082 1399 2164 1447 an,

789 1453 862 1504 Ut
886 1473 947 1506 ne
972 1455 1092 1524 quid
1116 1465 1258 1525 turpe
1285 1456 1404 1508 civis
1429 1453 1481 1505 in
1506 1471 1557 1504 se
1581 1453 1875 1519 admitteret⁸
1908 1462 1910 1464 ’

783 1526 990 1595 Propter
1014 1535 1302 1594 egestatem,
1327 1543 1572 1596 proxumo
1589 1524 1820 1593 jussaest
1843 1523 1966 1589 dari,

784 1597 856 1647 Ut
882 1616 998 1648 cum
1025 1615 1128 1660 uno
1153 1609 1352 1650 aetatem
1379 1597 1613 1665 degeret?
1653 1596 1789 1664 quod
1812 1606 1868 1646 tu
1891 1606 2045 1649 vetaS.
2129 1598 2201 1660 71)

782 1668 882 1721 De.
919 1669 942 1720 Ι
950 1680 1012 1734 ta,
1037 1687 1283 1738 proxumo
1303 1669 1534 1739 quidem:
1560 1677 1610 1720 at
1633 1685 1722 1719 nos
1742 1667 1902 1719 unde?
1925 1679 2199 1738 zautquam

923 1742 988 1792 ob
1012 1759 1119 1792 rem
1141 1741 1158 1792 ?
1203 1742 1302 1793 Ph.
1324 1741 1439 1793 ohe.
1610 1790 1620 1799 ‚
1807 1775 1809 1778 f
1980 1779 1983 1782 Δ

781 1813 979 1876 Actmn,
1003 1813 1159 1876 aiunt,
1188 1830 1249 1864 ne
1275 1830 1422 1882 aga-3.
1458 1811 1560 1863 De.
1585 1829 1689 1863 non
1708 1810 1895 1879 agam?
1936 1811 2041 1863 imo
2060 1809 2198 1862 haud

923 1883 1166 1946 desinam,
1193 1911 1199 1916 «
1732 1932 1733 1935 ,

778 1951 962 2005 Donec
986 1957 1242 2023 perfecero
1262 1954 1374 2006 hoc.
1416 1955 1516 2006 Ph.
1541 1952 1740 2022 ineptiS.
1777 1951 1878 2003 De.
1905 1950 2011 2003 sine
2031 1951 2198 2003 modo.

781 2025 886 2076 ΡΙ),
912 2026 1168 2077 Postremo
1190 2038 1361 2077 tecum
1380 2025 1508 2077 nihil
1525 2026 1595 2076 rei
1613 2024 1772 2084 nobiS,
1795 2022 2071 2092 Demipho,
2091 2032 2194 2074 est:

777 2096 918 2147 Tuus
942 2107 1015 2148 est
1038 2097 1302 2148 damnatus
1324 2106 1520 2165 gnatus,
1545 2113 1646 2146 non
1672 2105 1728 2146 tu
1750 2115 1762 2147 :
1802 2111 1919 2144 nam
1943 2105 2030 2144 tua
2125 2095 2192 2174 7⁶5

777 2166 1090 2220 Praeterierat
1119 2167 1227 2238 jam
1265 2168 1327 2220 ad
1360 2167 1655 2219 'ducendum‘
1678 2175 1814 2218 aetaS.
1883 2163 1989 2218 De.
2026 2174 2218 2238 omma,

919 2239 1031 2292 haec
1886 2248 1888 2250 ’

778 2310 930 2362 Illum
956 2320 1147 2380 putato,
1164 2329 1284 2380 quae
1310 2316 1406 2380 ego
1430 2308 1726 2373 nunc'dieo,
1750 2307 1944 2370 dicere3
2132 2350 2155 2364 „

778 2383 883 2433 Aut
899 2382 1105 2451 quidem
1126 2400 1242 2434 cum
1261 2399 1413 2434 uxore
1436 2382 1528 2433 hac
1550 2382 1715 2450 ipsum
1735 2378 2012 2447 prohibebo
2029 2376 2197 2429 dome.

783 2453 875 2503 Ge.
911 2454 1071 2505 Iratus
1096 2462 1186 2506 est.
1258 2455 1359 2506 Ph.
1385 2462 1490 2504 tute
1516 2453 1650 2504 idem
1677 2450 1856 2502 melius
1880 2449 2072 2506 feceris.
2089 2519 2100 2529 ·

780 2524 882 2575 De.
918 2525 1061 2577 Itane
1086 2543 1136 2576 es
1160 2535 1357 2594 paratus
1382 2526 1544 2575 facere
1570 2541 1652 2574 me
1675 2522 1937 2578 advorsum
1963 2533 2151 2581 omma,

780 2595 1003 2648 Infelix?
1046 2597 1147 2649 Ph.
1175 2596 1359 2648 metuit
1383 2613 1501 2658 nos,
1520 2593 1719 2645 tametsi
1742 2593 1916 2647 sedulo
2111 2594 2193 2648 ‚81

779 2665 1094 2719 Dissimulat.
1173 2669 1266 2722 Ge.
1301 2669 1430 2718 bene
1454 2666 1642 2719 habent
1665 2665 1756 2716 tibi
1779 2661 2042 2734 principia.
2096 2661 2194 2712 Ph..

923 2738 1043 2808 quin
1070 2739 1205 2807 quod
1229 2749 1302 2790 est
1941 2804 1952 2815 ·

778 2810 1084 2875 Ferendum,
1108 2812 1237 2861 fers?
1277 2809 1373 2861 tuis
1400 2809 1609 2877 dignum
1637 2807 1779 2862 factis
1804 2808 1995 2866 fecem,

780 2881 853 2931 Ut
871 2881 1023 2932 amici
1045 2881 1173 2933 inter
1192 2899 1280 2933 nos
1301 2881 1473 2932 simu&
1508 2880 1610 2933 De.
1637 2878 1783 2947 egou'
1803 2887 1940 2928 tuam
1961 2882 2192 2942 expetam

2133 680 2202 726 60

154 3006 249 3045 nihil
267 3009 320 3046 rei
336 3007 444 3045 nobis
462 3016 515 3046 est
533 3019 671 3058 tecum,
690 3009 901 3062 Demipho:
931 3021 1015 3051 tuus
1034 3013 1146 3060 filius,
1173 3026 1248 3050 non
1276 3022 1331 3058 tu,
1362 3012 1625 3049 condemnatus
1644 3019 1695 3048 est
1716 3024 1724 3047 :
1754 3022 1844 3069 nam·
1864 3008 1984 3068 senior
2004 3006 2196 3068 jam-eras,

154 3061 267 3111 quam
283 3071 327 3099 ut
346 3073 497 3099 uxorem
514 3061 676 3100 duceres.
737 3066 809 3102 De.
837 3064 975 3102 Omnia
993 3064 1073 3102 haec
1092 3080 1175 3117 quae
1193 3066 1288 3111 dico,
1309 3074 1395 3115 puta
1413 3064 1484 3101 tibi
1501 3065 1547 3101 ab
1565 3062 1779 3114 Antiphone
1799 3061 1873 3099 filio
1890 3061 1978 3105 dici,
1997 3070 2063 3120 aut
2075 3057 2194 3108 sydus-

153 3114 306 3160 sentiet,
325 3111 395 3151 hae
412 3113 560 3164 quidem
579 3128 662 3152 cum
681 3129 793 3154 uxore
812 3118 931 3167 ipsum
949 3118 1090 3155 aedibus
1108 3119 1198 3155 meis
1215 3117 1450 3155 submovebo.
1506 3116 1574 3153 Ge.
1595 3115 1654 3153 1ιᾶ
1671 3124 1877 3152 commotus
1898 3112 2096 3175 ¹¹‘Fcfh‘2‘t'
2123 3111 2195 3171 Issae.

152 3164 214 3204 Tu
234 3166 311 3217 ipse
329 3166 482 3204 meliora
498 3165 608 3206 facies
626 3167 736 3218 quum
755 3183 839 3220 quae
859 3171 1020 3207 minaris.
1052 3171 1122 3207 De.
1144 3169 1249 3208 Itane
1268 3182 1312 3206 cx
1330 3169 1506 3207 industria
1526 3179 1559 3204 te
1579 3167 1808 3218 comparasti,
1838 3178 1881 3226 ut
1901 3163 1991 3203 mihi
2009 3163 2195 3203 molestius

154 3231 281 3256 omnes
309 3217 513 3266 exhiberes,
539 3221 733 3272 improbe?
789 3223 859 3259 Ph.
888 3221 963 3260 Hic
991 3221 1184 3273 Demipho
1210 3223 1322 3260 timet
1338 3235 1420 3267 nos,
1447 3221 1532 3266 licet
1558 3220 1658 3257 aliud
1685 3233 1759 3271 prae
1786 3233 1825 3258 se
1852 3221 1957 3257 ierat.
1994 3213 2202 3279 .G‘?:1.³³.²⁰.

151 3271 261 3308 initia
275 3270 432 3313 feliciter
448 3274 650 3311 succedunt
668 3274 750 3311 tibi.
804 3275 874 3311 Pla.
903 3273 1007 3319 Quin
1035 3276 1159 3325 potius
1186 3275 1281 3311 istud
1307 3287 1415 3323 oequo
1435 3274 1558 3310 animo
1577 3272 1682 3319 feras,
1711 3273 1807 3322 quod
1826 3272 2029 3333 necessario
2055 3268 2123 3307 tibi
2141 3267 2196 3306 ie-

152 3323 305 3361 rendum
323 3334 377 3361 est
393 3325 408 3362 ἓ
438 3338 515 3362 rem
533 3327 724 3377 prudentia
741 3327 804 3365 turi
819 3326 968 3378 dignam
986 3327 1131 3374 feceris,
1150 3337 1191 3365 ut
1207 3327 1253 3366 ab
1273 3324 1341 3364 hac
1362 3326 1427 3364 lite
1446 3326 1554 3364 amici
1570 3326 1809 3364 discedamus.
1852 3325 1923 3365 De.
1941 3322 2076 3374 lugunt:
2092 3333 2190 3372 tumn

153 3376 350 3415 amicitiam
368 3376 535 3415 affectem
552 3380 568 3419 3

205 3655 254 3687 58
282 3647 391 3688 Solus
408 3650 564 3702 regnas]
585 3628 595 3643 Ι
635 3650 679 3690 Id
697 3661 768 3700 est,
797 3665 946 3705 regnare
963 3654 1033 3702 vis,
1061 3662 1155 3692 stare

95 3693 99 3698 ⁴
143 3700 312 3751 judicum
332 3704 521 3742 sententiis
541 3718 693 3743 recusa&

950 3544 1028 3586 AN
1034 3544 1142 3584 NOT
1143 3544 1214 3584 AT
1215 3543 1392 3586 IONES.
1466 3598 1485 3634 Α

1272 3659 1315 3689 81
1354 3651 1490 3690 Metuit
1521 3651 1616 3702 nom]
1672 3650 1800 3689 Tacite
1826 3647 1903 3688 haec
1924 3646 2099 3688 Phormio
2117 3645 2187 3683 Ge*-

1210 3713 1258 3743 toe
1274 3703 1375 3743 dicit.
