2314 3944
744 164 978 220 Aeros
1014 165 1104 222 lv,
1157 126 1412 221 scENA
1446 167 1538 222 1v.

125 318 223 371 An.
259 313 392 379 Eho,
409 309 643 364 verbero!
682 308 820 362 aliud
843 309 973 362 mihi
995 309 1277 380 respondeS,
1302 329 1361 362 ac
1386 304 1544 381 rogo?

129 390 224 442 Ge.
261 385 399 442 Quid
414 382 545 451 ergo
568 383 768 435 narras?
806 382 903 433 An.
929 380 1046 451 quid
1084 399 1180 450 ego
1218 400 1412 453 narrem
1433 384 1450 435 ?
1490 402 1547 436 o-

184 469 194 474 *
267 458 388 526 pera
405 457 493 506 tua
866 470 873 477 ·

126 529 208 583 Ad
229 527 399 580 restim
423 525 551 577 mihi
576 525 779 594 quidem
800 541 875 576 res
900 522 1046 575 rediit
1066 524 1391 594 planissume.
1511 530 1542 577 5

127 600 201 653 Ut
222 610 272 650 te
297 598 500 667 quidem
527 614 703 648 omnes
728 596 796 660 di,
820 596 1044 664 deaeque,
1069 596 1249 664 superi,
1274 595 1423 648 inferi

126 671 281 723 Malis
305 668 550 736 exemplis
575 668 804 736 perdant.
843 667 982 729 hem,
1005 667 1045 717 si
1070 666 1190 736 quid
1216 666 1353 730 veliS‚
1425 684 1429 687 ’

121 741 270 796 Huic
297 741 519 804 mandeS,
544 739 627 809 qui
654 749 705 790 te
729 738 792 790 ad
825 739 1089 807 scopulum
1113 740 1141 788 e
1167 738 1438 808 tranquillo
1461 737 1542 790 in-

267 813 408 865 ferat.
623 833 627 835 >
796 826 799 829 ·
1054 830 1058 832 ’

125 882 270 940 Quid
287 884 454 936 minus
477 882 602 935 utile
625 882 738 946 fuit,
758 882 910 951 quam
934 879 1033 933 hoc
1059 882 1201 934 ulcus
1220 890 1442 950 tangere,

124 955 233 1014 Aut
255 955 515 1007 nominare
537 952 740 1007 uxorem
763 954 781 1004 ἒ
821 951 1005 1022 injecta
1029 966 1104 1004 est
1126 971 1236 1022 spes
1260 953 1406 1022 patri,
1483 959 1549 1006 10

124 1025 274 1079 Posse
294 1027 432 1078 illam
459 1025 652 1077 extrudi
676 1044 687 1076 ε
726 1024 854 1076 cedo
880 1041 1014 1075 nunc
1037 1026 1200 1094 porro,
1225 1023 1465 1077 Phormio

124 1095 318 1150 Dotem
339 1097 379 1163 si
404 1096 635 1165 accipiet,
651 1113 775 1146 uxor
800 1095 1029 1146 ducenda
1053 1105 1127 1148 est
1150 1097 1376 1148 domum.

128 1167 271 1226 Quid
309 1168 433 1220 fiet?
476 1166 731 1220 Gefenim
766 1183 870 1217 non
907 1166 1072 1218 ducet.
1112 1167 1218 1220 An.
1258 1167 1377 1220 novi
1394 1170 1417 1221 :7
1447 1185 1547 1219 cae-

270 1240 433 1292 terum
535 1268 551 1288 s
1198 1304 1203 1309 Ἰ

127 1310 259 1375 Cum
284 1317 549 1379 argentum
568 1317 812 1379 repetent,
837 1313 1004 1364 nostra
1029 1312 1183 1361 causa
1199 1310 1394 1362 scilicet

125 1382 414 1436 Invnervom
441 1381 604 1451 potius
624 1381 737 1433 ibit.
778 1382 867 1434 Ge.
896 1381 1023 1434 m’hz'l
1045 1389 1135 1447 est,
1158 1381 1406 1453 Antipho,

129 1453 265 1513 Quin
287 1451 417 1505 mal&
439 1454 694 1516 narrando
714 1453 872 1521 possit
899 1453 1235 1521 depravarz'er.

123 1523 208 1576 Tu
235 1524 287 1576 id
311 1524 446 1594 quod
466 1524 583 1575 boni
605 1535 694 1587 est,
718 1524 970 1593 excerpis:
998 1524 1138 1588 dicis,
1165 1524 1295 1594 quod
1318 1523 1440 1576 mali
1458 1532 1545 1579 est.

125 1595 265 1649 Audi
292 1613 429 1647 nunc
453 1597 627 1647 contra
643 1593 782 1663 jam:
821 1596 862 1647 si
886 1606 1149 1664 argentum
1176 1596 1441 1666 acceperit,

127 1665 381 1719 Ducenda
405 1678 478 1718 est
495 1684 636 1730 uxor,
661 1677 716 1718 ut
735 1667 841 1732 ais;
881 1667 1103 1719 concedo
1124 1667 1250 1721 tibi:
1324 1666 1329 1669 ’

127 1737 360 1807 Spatium
389 1737 594 1806 quidem
617 1738 823 1790 tandem
843 1738 1114 1808 apparandi
1138 1737 1354 1808 nuptiaS,

126 1807 375 1874 Vocandi,
397 1806 709 1861 sacrificandi
733 1809 931 1862 dabitur
949 1811 1245 1878 paululum:

127 1878 327 1931 Interea
351 1879 521 1943 amici,
545 1881 679 1948 quod
701 1880 916 1950 polliciti
935 1892 1066 1944 sunt,
1085 1881 1291 1933 dabunt.

126 1950 255 2004 Inde
277 1950 371 2002 iste
389 1951 578 2004 reddet.
632 1952 729 2004 An.
756 1969 907 2022 quam
931 1953 997 2003 ob
1015 1969 1123 2004 rem
1144 1953 1161 2004 ?
1200 1960 1288 2004 aut
1312 1950 1434 2022 quid
1471 1951 1548 2005 di-

271 2023 385 2085 cet?
428 2022 520 2073 Ge.
544 2024 723 2091 rogas?
1030 2076 1033 2078 ,

128 2091 270 2161 Quot
294 2094 404 2146 res?
443 2093 559 2146 Post
584 2093 670 2145 illa
695 2102 916 2147 monstra
940 2101 1214 2146 evenerunt
1236 2093 1398 2154 mihi:

125 2163 329 2217 Introiit
352 2165 403 2215 in
426 2165 557 2216 aedes
581 2177 687 2216 ater
710 2166 900 2217 alienus
927 2166 1095 2219 canis:

126 2234 326 2304 Anguis
350 2252 439 2305 per
455 2235 756 2305 impluvium
784 2237 970 2288 decidit
995 2238 1056 2288 de
1080 2236 1262 2306 tegulis
1285 2256 1298 2290 :

130 2305 337 2357 Gallina
361 2307 575 2373 cecinit:
613 2307 870 2374 interdixit
891 2309 1136 2360 hariolus:

126 2374 400 2447 Haruspex
423 2379 581 2430 vetuit
605 2389 723 2431 ante
746 2381 978 2431 brumam
1000 2379 1191 2450 aliquid
1211 2378 1328 2436 novi

125 2446 317 2517 Negoti
342 2449 562 2519 incipere
581 2470 597 2516 3
637 2470 751 2523 quae
773 2469 939 2512 caussa
959 2461 1032 2502 est
1047 2449 1336 2520 justissima.

1483 1387 1545 1435 15

1478 1743 1550 1792 20

1510 2140 1516 2162 l

1479 2169 1548 2218 25

1600 311 1676 351 An.
1728 309 1830 359 Eho,
1886 310 2048 366 flagrol'
2075 316 2176 356 aliud

1600 365 1693 404 mihi
1720 364 1931 417 respondes,
1958 375 2066 416 atque
2085 369 2108 406 a
2134 379 2175 407 te

1600 419 1752 469 quaero?
1785 417 1858 457 Ge.
1872 417 1935 456 De
1949 421 2022 468 qua
2036 433 2074 457 re
2085 433 2176 472 ergo

1598 469 1789 522 loqueris?
1835 471 1908 509 An.
1945 470 2007 509 De
2036 474 2108 523 quii
2139 486 2179 512 re

1598 537 1668 575 ego
1695 524 1851 575 loquar?
1881 538 1946 576 per
1963 533 2001 562 te
2031 526 2067 563 id
2101 524 2176 563 fac-
2213 564 2217 568 ,

1597 585 1680 614 tum
1699 588 1769 623 est,
1785 586 1829 615 ut
1847 578 1894 615 ad
1905 577 2077 628 laqueum
2092 591 2176 630 spes

1597 642 1680 667 mea
1705 630 1782 679 jam
1821 631 1941 668 omnis
1979 631 2060 669 sine
2098 631 2176 670 ulla

1598 682 1830 720 dubitatione
1849 684 1997 735 penitus
2028 684 2177 723 redacta

1595 736 1656 773 sit.
1723 734 1879 774 Utinam
1926 736 2175 788 equidemwte

1595 787 1661 833 dii,
1688 788 1839 838 deaeque
1865 802 2006 836 omnes,
2036 803 2079 827 su
2129 791 2178 838 ri,

1596 839 1704 879 inferi
1767 842 1966 879 eradicent.
2046 801 2182 882 Ηξζὶῒ

1596 890 1685 931 huic
1715 893 1761 931 da
1794 896 2000 946 negotium,
2035 905 2078 934 ut
2100 891 2176 939 'tihi

1600 956 1786 998 procuret,
1822 948 1920 998 quod
1963 948 2063 986 recte
2105 947 2183 987 tibi·

1599 1008 1828 1051 apparatum,
1846 1009 1884 1038 et
1910 1000 2084 1038 effectum
2114 1013 2186 1039 ve-

1601 1052 1667 1098 lis3
1698 1063 1740 1090 ut
1772 1066 1817 1090 ex
1835 1062 1946 1105 portu
1976 1052 2185 1105 tranquillo

1602 1113 1642 1142 et
1670 1114 1756 1143 tuto
1783 1106 1826 1144 ad
1857 1105 2050 1157 scopulum
2080 1106 2187 1145 abri0'v

1601 1158 1695 1208 piat,
1716 1167 1754 1195 et
1770 1158 1908 1196 allidat.
1959 1157 2060 1197 Nam
2079 1173 2178 1198 ama-

1600 1211 1666 1258 bo,
1682 1211 1772 1262 quid
1791 1213 1912 1250 minus
1931 1213 1970 1250 in
1989 1225 2068 1251 rem
2098 1225 2178 1251 me·

1600 1276 1676 1310 am,
1712 1263 1880 1315 mihique
1914 1266 2038 1303 minus
2074 1273 2187 1303 com·'

1599 1317 1751 1354 modum
1782 1316 1855 1356 fuit
1884 1317 1994 1368 quam
2022 1319 2062 1356 in
2080 1316 2187 1357 hanc’

1601 1370 1783 1415 vomicam
1827 1384 1992 1422 unguem
2036 1371 2178 1410 immit-

1600 1430 1698 1469 tere,
1709 1423 1787 1472 ejus
1803 1424 1854 1461 rei
1869 1422 2181 1471 mentionefacta‚''

1601 1489 1686 1526 quoe
1701 1477 1807 1514 nobis
1823 1477 1872 1514 sit
1889 1476 2028 1523 odiosa,
2048 1485 2086 1516 et
2109 1476 2192 1530 dof'

1601 1528 1717 1566 lorem
1731 1528 1876 1575 afferat3
1896 1538 1959 1568 aut
1969 1542 2105 1567 nomen
2117 1543 2178 1568 so-

1600 1581 1679 1619 lum
1697 1583 1822 1620 uxoris
1834 1595 1956 1620 coram
1974 1591 2075 1634 patre
2093 1595 2179 1634 pro-

1603 1636 1805 1673 nunciare?
1828 1633 1939 1685 Spem
1959 1636 2052 1687 patri
2071 1634 2178 1674 fecis-

1602 1687 1631 1724 ti
1657 1701 1765 1739 posse
1791 1687 1893 1725 illam
1931 1688 2041 1726 domo
2067 1688 2176 1738 ejici:

1602 1740 1662 1778 dic
1680 1741 1765 1778 vero
1779 1754 1892 1786 nunc,
1920 1741 1951 1779 si
1981 1742 2179 1793 pecuniam

1601 1793 1641 1830 in
1660 1793 1786 1831 dotem
1815 1791 1991 1831 Phormio
2023 1794 2044 1832 a
2071 1803 2177 1845 patre

1601 1854 1640 1883 et
1665 1845 1689 1884 a
1718 1856 1851 1898 patruo
1877 1847 2048 1898 accipiet,
2072 1848 2104 1885 si
2135 1848 2190 1886 in2

1601 1898 1680 1948 ejus
1688 1899 1839 1938 domum
1848 1899 2020 1938 deductio
2029 1912 2176 1951 sponsae
2186 1907 2192 1911 '

1600 1951 1766 1990 facienda
1793 1962 1864 2000 est,
1891 1954 1981 2004 quid
1999 1954 2142 1992 eveniet
2157 1954 2191 1993 :²¹

1602 2005 1693 2055 quid
1728 2018 1787 2043 me
1818 2006 1911 2044 fiet?
1960 2006 2027 2044 G'e.
2063 2003 2179 2045 Phor·

1602 2059 1679 2095 mio
1692 2058 1839 2109 quidem
1854 2072 1928 2096 non
1944 2059 2066 2097 ducet.
2100 2060 2190 2099 An..

1602 2108 1706 2157 Scio,
1724 2113 1809 2150 vcro
1826 2112 1912 2150 cum
1935 2125 2042 2150 senes
2058 2113 2177 2152 nostri

1600 2174 1794 2216 argentum
1817 2175 1983 2215 repetere
2010 2168 2178 2218 cupient,

1602 2216 1666 2255 ille
1684 2215 1858 2255 Phormio
1879 2219 1992 2270 nostri
2009 2220 2116 2258 causa
2138 2219 2179 2257 in

1601 2269 1745 2308 vincula
1776 2284 1815 2308 se
1846 2270 1979 2320 conjici
2009 2279 2052 2309 ets
2077 2273 2178 2310 necti

1602 2321 1743 2361 seilicet
1813 2324 1972 2375 patietur
2036 2326 2194 2377 potius-,w

1548 2387 1551 2395 “
1602 2376 1713 2426 quain
1733 2376 1859 2415 reddat
1887 2377 1988 2428 quod
2014 2377 2191 2427 abstulit.'·

1604 2429 1808 2469 Get-*Nulla
1831 2442 1886 2467 res
1904 2437 1971 2476 est,
1991 2429 2195 2482 Antiphos*

1603 2495 1688 2532 quae
1709 2483 1803 2521 male
1819 2483 1939 2520 verbis
1967 2484 2193 2534 exprimene·

1604 2536 1817 2582 d0‚.vitiari,
1844 2544 1882 2572 et
1910 2537 2196 2589 corrumpi5e‘t*

127 2518 263 2571 Haec
285 2520 424 2572 fient.
463 2522 561 2574 Αη.
586 2531 643 2573 ut
669 2523 820 2575 modo
841 2521 995 2580 fiant,¹
1021 2524 1114 2574 Ge.
1138 2522 1291 2575 fient:
1320 2539 1402 2575 me
1419 2522 1548 2576 vide.

129 2588 279 2643 Pater
297 2591 416 2647 exit.
455 2592 555 2656 abi,
579 2593 661 2646 dic
682 2612 785 2645 esse
805 2605 1072 2663 argentum
1095 2593 1358 2647 Phaedriae.
1479 2600 1544 2647 31
1605 2588 2180 2693 zssn‘lgzigiissfessulffgssdvgffi

123 2689 167 2727 ni
185 2698 241 2728 est
269 2703 312 2729 su
340 2691 481 2742 primis,
499 2701 536 2730 et
554 2694 692 2745 excipis
718 2706 905 2732 seorsum:
934 2694 1033 2745 quod
1049 2693 1135 2731 verb
1156 2693 1243 2732 mali
1261 2702 1332 2739 est,
1351 2691 1443 2732 illud
1470 2703 1745 2732 commemoras„
1799 2694 1899 2731 Audi
1923 2707 2024 2732 nunc
2051 2697 2196 2734 contras

120 2741 221 2792 jam:
251 2745 280 2780 si
298 2703 472 2782 ffhormio
487 2747 683 2796 pecuniam
700 2746 857 2785 dotalem
885 2747 1082 2798 acceperit,
1111 2759 1211 2793 eum,
1229 2755 1271 2783 ut
1290 2746 1396 2791 dicis,
1422 2759 1574 2784 uxorem
1605 2747 1739 2784 ducere
1767 2746 1973 2798 oportebit3
2001 2748 2180 2786 assentior

126 2795 198 2834 tibi
213 2796 264 2834 ita
281 2794 447 2836 futurum
463 2811 560 2835 esse:
588 2799 652 2836 sed
667 2801 754 2837 sane
771 2800 930 2851 spatium
951 2799 1138 2849 paululum
1156 2799 1306 2837 tandem
1321 2799 1355 2836 ei
1374 2799 1588 2836 conceditur
1604 2799 1648 2836 ad
1661 2809 1876 2851 apparatum
1895 2800 2106 2851 nuptiarum
2124 2799 2195 2840 fa-‘

126 2847 318 2887 ciendum:
346 2850 391 2888 ad
410 2851 638 2889 invitandum
656 2853 895 2903 propinquus,
918 2853 964 2890 ad
986 2865 1085 2890 sacra
1109 2851 1294 2903 facienda:
1323 2851 1412 2889 dum
1430 2849 1510 2890 haec
1529 2852 1768 2896 curabuntur,
1786 2852 1893 2890 amici
1910 2853 2009 2902 quod
2022 2853 2181 2904 promis·

127 2910 252 2948 erunt,
266 2901 409 2950 dabunt
427 2913 639 2955 argentum:
668 2905 705 2942 id
725 2915 919 2956 argentum
932 2902 1123 2951 Phormio,
1141 2917 1311 2942 recusans
1325 2904 1504 2941 conficere
1524 2906 1683 2956 nuptias,
1710 2905 1834 2943 reddet
1848 2913 1917 2943 tuo
1959 2906 2042 2951 atri,
2060 2915 2100 2943 et
2114 2917 2194 2957 pa-·

127 2959 225 2998 truq-
265 2954 618 3005 Ang-Quamobrem
645 2957 796 2995 reddet?
825 2966 887 2994 aut
902 2970 1011 3007 quam
1039 2970 1200 3003 causam,
1225 2969 1289 2994 cur
1317 2956 1458 3001 reddat,
1489 2958 1628 3008 poterit
1655 2957 1804 2995 dicere?
1836 2957 1905 2996 Ge.
1923 2917 2070 3000 (ssuaeris
2087 2958 2197 3009 quid⁴

129 3017 251 3042 causae
262 3008 400 3058 poterit
416 3009 659 3059 praetendere,
675 3023 741 3048 cur
758 3022 834 3047 rem
860 3010 951 3047 nolit
967 3010 1169 3062 perficere?
1199 3007 1263 3047 Sic
1282 3009 1402 3048 dicet:
1431 3007 1521 3047 Post
1539 3010 1820 3048 conventionem
1840 3012 2068 3061 nuptiarum,
2087 3017 2179 3060 quot

127 3056 310 3108 prodigia,
328 3067 418 3110 quot
437 3070 607 3112 portenta
619 3072 865 3115 apparuerunt
878 3062 991 3101 mihi!
1021 3061 1140 3113 Niger
1158 3063 1258 3100 canis
1274 3062 1415 3101 alienus
1433 3062 1576 3101 introiit
1594 3064 1632 3100 in
1651 3062 1746 3101 oedes
1765 3071 1903 3100 nostras
1921 3077 1930 3099 :
1959 3062 2013 3100 vel
2027 3075 2177 3115 serpens

127 3121 196 3159 per
214 3109 431 3162 impluvium
446 3113 615 3167 delapsus
631 3124 687 3154 est
704 3116 871 3154 deorsum
897 3117 942 3153 de
961 3115 1114 3167 tegulis:
1143 3115 1199 3153 vel
1217 3115 1353 3166 gallina
1370 3115 1527 3153 cecinit:
1556 3115 1612 3153 vel
1632 3114 1794 3154 hariolus
1813 3116 1928 3152 vetuit
1947 3128 1996 3152 ne
2022 3124 2176 3154 uxorem

128 3161 281 3200 ducam:
310 3163 367 3201 vel
387 3177 543 3217 aruspex
568 3168 756 3207 interdixit
774 3181 822 3206 ne
851 3168 940 3218 quid
957 3168 1095 3220 negotii
1112 3168 1327 3220 aggrederer
1353 3176 1436 3206 ante
1450 3177 1708 3220 tempestatem
1727 3169 1883 3214 brumae,
1899 3166 1925 3204 h
1950 3167 2064 3204 emis:
2093 3180 2178 3219 quoe

128 3225 252 3259 cansa,
271 3224 310 3252 et
328 3219 514 3268 excusatio
533 3219 751 3268 justissima,
769 3229 806 3258 et
824 3221 1018 3259 admodum
1051 3222 1226 3272 speciosa.
1281 3218 1375 3263 Hoec
1393 3222 1566 3258 evenient
1586 3222 1860 3271 impedimenta.
1938 3232 1973 3257 η.
1992 3218 2182 3258 Dummo-

130 3266 179 3304 do
194 3267 245 3304 ita
259 3267 318 3305 sit.
348 3267 416 3306 Ge.
437 3267 493 3308 lta
503 3272 571 3309 erit
587 3286 596 3309 ι
626 3286 685 3310 me
703 3274 799 3320 vide,
821 3272 901 3312 baec
914 3287 1078 3313 assevero
1096 3273 1180 3312 tibi.
1208 3271 1284 3312 Sed
1298 3284 1404 3326 pater
1420 3274 1511 3312 exit.
1538 3273 1614 3312 Abi
1630 3275 1761 3312 nuntia
1773 3271 1950 3311 Phoedriae
1967 3282 2176 3325 argentum,

130 3318 229 3378 quod
242 3319 298 3358 illi
315 3333 407 3373 opus
424 3333 495 3369 est,
508 3334 674 3374 paratum
692 3339 782 3364 esse.

990 3468 1323 3511 ANNOTATIO.

181 3575 232 3608 26
259 3568 405 3620 Anguis
419 3582 482 3622 per
498 3567 748 3624 impluvium]
804 3573 1047 3626 Impluvz'um,
1072 3576 1129 3614 in·
1180 3575 1381 3614 notationis
1409 3575 1462 3612 sic
1495 3572 1627 3620 refert:
1655 3574 1875 3627 impluvium
1900 3588 1977 3627 quo
2000 3589 2094 3627 aqua
2110 3577 2178 3616 im-

128 3623 211 3672 quit
227 3619 358 3670 Varro,
376 3633 432 3661 est
451 3624 552 3662 locus
575 3625 644 3663 sub
663 3626 772 3672 coelo‚
797 3627 836 3664 in
856 3627 978 3664 medio
993 3629 1128 3666 aedium
1179 3628 1275 3679 pluit
1293 3627 1447 3665 collecta
1474 3626 1520 3664 de
1551 3635 1666 3666 tecto.
1717 3627 1777 3667 Ex
1794 3629 2055 3679 superstitione
2078 3640 2180 3668 vete-

117 3673 292 3723 ltelictus,
330 3676 428 3713 unde
462 3677 586 3715 lumen
626 3678 797 3718 deorsum
838 3689 1031 3730 caperent:
1077 3681 1130 3718 ita
1180 3693 1261 3719 rum
1278 3678 1359 3717 haec
1377 3679 1468 3719 dicit
1484 3677 1682 3718 Phormio:
1714 3694 1799 3718 nam
1814 3679 1871 3718 his
1888 3681 1934 3719 de
1952 3682 2069 3723 causis
2083 3694 2178 3736 nup-

125 3726 245 3772 dietus
262 3727 359 3783 qued
376 3741 422 3769 eo
443 3729 652 3784 impluent.
708 3729 840 3773 Festus
865 3732 952 3773 vero.
983 3745 1128 3776 causam
1181 3734 1258 3783 tiae,
1278 3745 1327 3783 n<
1343 3732 1420 3776 fieri
1434 3742 1600 3787 possent,
1617 3729 1919 3787 prohibebantur.
