2314 3944
567 340 1148 434 AeTusm.

1123 142 1227 194 124

1244 343 1655 432 SCENA
1702 351 1763 423 Ι.

689 506 1066 564 CHREMES.
1137 488 1639 567 MENEDEMUS.

191 652 262 693 Ch.
302 650 397 691 Dies
422 651 589 690 advenit:
616 663 708 744 Qua-

133 718 174 745 re
202 705 307 744 tardo
338 717 439 743 nunc
468 705 612 757 pulsare
667 719 706 744 as

73 787 81 797 .
131 758 230 798 fores
248 758 359 796 vicini
388 756 632 797 Menedemi?
661 767 707 798 ut

131 812 296 864 primum
326 810 350 850 a
380 824 441 850 me
471 810 537 850 fiat
572 812 706 858 certior

129 865 250 904 filium
266 864 418 917 peregre
429 877 614 903 reversum
626 877 706 903 esse

131 918 225 963 sibig
254 918 419 969 quamvis
445 918 610 956 noverim
627 917 707 957 Cli-

131 971 231 1010 niam
267 970 366 1008 nolle
397 978 442 1008 ut
476 979 581 1022 pater
612 972 706 1010 sciat

128 1036 217 1062 eum
232 1024 393 1062 venisse:
421 1023 487 1061 sed
504 1025 589 1062 cum
604 1024 705 1063 vide-

127 1090 189 1115 am
216 1076 317 1115 hunc
344 1076 503 1115 miseriis
525 1076 704 1116 afflictum

125 1137 270 1181 patrem
288 1129 380 1168 adeo
402 1130 522 1168 vexari
539 1130 704 1170 discessu

123 1183 202 1229 filii,
253 1196 301 1220 an
342 1183 496 1221 reticere
548 1183 702 1224 debeam

121 1235 297 1287 gaudium
306 1243 382 1274 tam
392 1237 701 1287 inexspectatum,

122 1292 211 1327 cum
242 1287 336 1328 nihil
373 1302 420 1326 ex
458 1287 529 1327 hac
563 1290 702 1329 indica-

118 1338 446 1394 tioneimpendeat
501 1342 700 1383 riculosum

114 1394 276 1445 juveni?
305 1393 397 1433 Non
411 1407 453 1432 ce
469 1395 539 1433 abo
550 1409 695 1435 senem:

121 1461 208 1487 nam
227 1447 368 1497 juvabo
385 1461 472 1486 eum
489 1449 610 1498 quoad
627 1462 696 1501 po-

118 1508 223 1546 tero3
243 1501 341 1539 sicut
359 1513 470 1539 cerno
484 1501 603 1540 filium
618 1515 697 1552 me·

119 1566 184 1591 um
199 1552 454 1605 Clitiphonem
466 1556 601 1606 praesto
615 1569 694 1594 esse

115 1608 238 1645 amico
266 1619 308 1644 ac
340 1614 449 1644 aetate
467 1607 589 1659 -parili
614 1607 696 1657 Cli-

117 1660 205 1706 niae,
225 1659 304 1710 ejus
322 1659 415 1707 filio,
439 1660 478 1698 in
495 1661 692 1709 omnibus;

115 1725 163 1750 eo
179 1714 292 1751 etiam
317 1714 429 1752 modo
449 1713 594 1763 justum
622 1724 693 1763 est,

114 1779 186 1804 nos
209 1779 315 1804 senes
333 1767 505 1811 inservire
528 1767 692 1806 senibus.

113 1819 195 1857 Me.
236 1818 360 1865 Certe,
394 1828 459 1857 aut
490 1833 561 1871 ego
590 1820 692 1858 valde

112 1871 136 1910 ὲ
170 1873 301 1910 natura⁴
338 1881 567 1924 comparatus
608 1887 691 1912 sum

111 1925 160 1963 ad
203 1923 461 1963 infelicitatem
504 1925 692 1977 perferen-

110 1977 212 2025 dam,
238 1987 302 2016 aut
328 1978 419 2016 illud
450 1991 527 2016 non
556 1988 612 2017 est
629 1993 692 2017 ve-

108 2044 194 2068 rum
227 2032 327 2081 quod
352 2031 463 2070 audio
491 2032 563 2070 dici
578 2050 588 2079 ς
620 2034 691 2071 sci·

109 2083 200 2122 licet
218 2093 366 2136 tempus
394 2083 537 2122 auferre
556 2098 691 2124 moero-

108 2149 188 2174 rein
206 2135 432 2176 hominibus.
460 2136 560 2176 Nam
576 2140 688 2186 certe,

109 2200 267 2242 augetur
282 2191 449 2241 quotidie
476 2192 591 2229 animi
609 2206 690 2230 mo-

107 2242 218 2281 lestia
229 2257 341 2294 quam
355 2242 475 2282 habeo
494 2258 538 2282 ex
555 2245 688 2283 absen-

108 2297 162 2334 tia
184 2296 273 2343 filii;
303 2306 344 2335 et
369 2297 509 2347 quanto
537 2298 687 2349 longius

109 2349 243 2388 absens
262 2358 332 2395 est,
355 2351 459 2388 tanto
479 2351 606 2401 majori
624 2364 685 2389 cu·

106 2402 265 2453 piditate
282 2403 434 2451 afficior,
453 2404 606 2455 ejusque
623 2404 688 2443 de-

107 2455 244 2493 siderio
279 2465 423 2494 teneor.
491 2456 563 2496 Ch.
611 2455 687 2496 Sed

106 2509 248 2560 aspicio
272 2508 543 2548 Menedemum
563 2523 687 2562 egres-

106 2575 192 2601 sum
225 2571 330 2600 extra
360 2561 534 2601 domum:
581 2577 686 2602 acce-

104 2613 192 2653 dam
219 2616 263 2653 ad
292 2629 393 2662 eum,
420 2623 458 2653 et
487 2617 686 2668 compella-

103 2667 168 2707 b0.
187 2667 471 2714 OMenedeme,
485 2669 602 2707 salvus
613 2671 683 2709 sis:

104 2730 185 2759 rem
220 2732 360 2773 gratam
393 2724 609 2760 nunciatum
636 2724 685 2762 ti-

104 2772 146 2812 bi
182 2776 304 2821 venio,
351 2783 390 2813 et
429 2789 504 2826 quo
549 2777 686 2827 imper-

103 2826 171 2864 tiri
214 2830 437 2879 magnopere
490 2829 683 2870 desideras.

103 2878 187 2918 Me.
214 2879 251 2918 O
277 2879 452 2927 Chreme,
474 2895 599 2920 nonne
615 2883 682 2921 ali-

102 2933 194 2983 quid
212 2934 390 2972 rescivisti
412 2934 457 2972 de
474 2935 551 2972 filio
566 2937 678 2974 meo?

105 2985 179 3024 Ch.
214 2984 334 3025 Sanus
361 2996 430 3024 est.
494 2988 574 3026 Me.
599 2987 681 3028 Ob-

101 3052 221 3086 secro,
254 3039 321 3078 ubi
349 3043 438 3078 est?
498 3041 570 3080 Ch.
596 3041 680 3080 Do-

103 3093 156 3129 mi
186 3105 292 3131 meae.
345 3094 426 3131 Me.
454 3091 572 3132 Domi
602 3104 678 3133 tuoe

101 3158 208 3183 meus
226 3155 360 3197 gnatus
387 3147 469 3185 est?
529 3147 600 3186 Ch.
620 3146 678 3186 Ita

101 3207 172 3236 est.
214 3199 293 3237 Me.
309 3198 451 3238 Venit?
498 3200 568 3239 Ch.
587 3199 678 3238 Cer-

99 3251 151 3289 te.
204 3253 284 3290 Me.
312 3251 440 3291 Rediit
468 3266 571 3292 meus
599 3253 678 3291 Cli-

99 3304 191 3343 nia?
265 3305 337 3344 Ch.
363 3305 452 3345 Jam
483 3307 570 3344 satis
601 3307 677 3345 dixi

101 3370 189 3395 eum
206 3359 363 3396 venisse.
416 3360 495 3398 Me.
512 3358 674 3408 Eamus;

100 3422 168 3447 oro
180 3420 222 3449 ut
235 3411 346 3450 ducas
360 3413 419 3459 εὸ,
434 3413 500 3451 ubi
515 3422 584 3451 est.
606 3413 678 3452 Ch.

100 3460 194 3500 Non
221 3464 299 3503 vult
324 3474 363 3503 te
386 3479 494 3503 suum
516 3466 675 3505 reditum

763 651 853 706 Ch.
892 650 1187 706 Lnsmscrr
1208 653 1308 707 hoc
1318 651 1460 724 jam:
1499 673 1638 708 cesso
1659 657 1855 727 pultare
1876 661 2061 715 ostium

749 722 964 776 vicini?
1002 723 1226 795 primum
1251 742 1316 777 ex
1339 743 1423 778 me
1447 736 1503 778 ut
1525 726 1650 779 sciat
1663 747 1680 794 3
1715 727 1812 781 sibi
1833 729 1997 786 filium

743 794 984 848 Rediisse
996 816 1013 862 3
1051 797 1146 850 etsi
1169 797 1539 850 adolescentem
1564 798 1663 852 hoc
1688 800 1824 852 nolle
1847 800 2111 873 intelligo:

758 865 950 920 Verum
994 869 1112 921 cum
1154 869 1354 923 videam
1392 869 1634 923 miserum
1675 870 1816 924 hunc
1856 881 1963 927 tam
2003 891 2183 930 excru-

900 957 1079 992 claner
1790 968 1797 975 ‘-

756 1006 881 1080 Ejus
899 1011 1058 1075 abitu,
1077 1013 1241 1066 celem
1265 1021 1370 1067 tam
1391 1010 1697 1082 insperatum
1721 1014 1984 1084 gaudium,

758 1080 891 1135 Cum
915 1083 991 1135 illi
1017 1083 1145 1137 nihil
1162 1082 1341 1153 pericli
1365 1101 1428 1135 ex
1451 1083 1642 1137 indicio
1664 1086 1790 1139 siet?

757 1152 915 1206 Haud
937 1155 1152 1207 faciam:
1191 1172 1328 1221 nam,
1348 1154 1484 1224 quod
1500 1164 1691 1225 potem,
1714 1157 1952 1228 adjutabo
1964 1159 2180 1226 *senem3

753 1222 887 1277 Item
911 1235 969 1278 ut
991 1225 1155 1280 filium
1178 1243 1352 1283 meum
1375 1225 1544 1278 amico
1566 1237 1716 1298 atque
1740 1230 1933 1299 aequali.
1949 1248 2040 1282 suo

753 1295 916 1349 Video
938 1296 1189 1362 inservire,
1208 1307 1260 1350 et
1281 1297 1477 1349 socium
1501 1316 1606 1351 esse
1629 1300 1684 1351 in
1707 1300 1922 1370 negotiis
1935 1319 1953 1366 3

752 1366 860 1419 Nos
883 1386 1083 1438 quoque
1101 1386 1242 1420 senes
1265 1378 1340 1420 est
1362 1386 1562 1439 aequom
1588 1370 1790 1424 senibus
1813 1369 2038 1442 obsequi,
2116 1375 2182 1423 10

749 1438 860 1491 Me.
896 1440 1003 1492 Aut
1034 1458 1130 1509 ego
1165 1441 1390 1510 profecto
1414 1440 1621 1509 ingenio
1643 1443 1848 1511 egregio
1869 1443 1933 1495 ad
1956 1441 2181 1498 miserias

749 1509 911 1562 Natus
931 1529 1061 1578 sum,
1084 1520 1172 1564 aut
1189 1511 1317 1564 ill-ud
1341 1512 1525 1563 falsum
1545 1522 1636 1577 est,
1660 1514 1794 1583 quod
1819 1514 1968 1583 volgo
1990 1513 2144 1567 audio

746 1581 888 1648 Dici,
913 1584 1046 1635 diem
1070 1583 1290 1635 adimere
1312 1583 1659 1653 aegritudinem
1684 1585 1977 1639 hominibus.

746 1653 883 1706 Nam
910 1654 1038 1706 mihi
1058 1654 1264 1724 quidem
1289 1654 1512 1725 quotidie
1537 1656 1760 1724 augescit
1784 1655 1946 1725 magis

746 1725 830 1776 De
854 1725 961 1778 filio
985 1726 1231 1795 aegritudo
1252 1746 1266 1791 ;
1306 1736 1357 1777 et
1377 1727 1566 1796 quanto
1589 1727 1777 1780 diutius
1860 1789 1864 1792 ,
1967 1783 1969 1786 Α

744 1798 920 1861 Abest,
945 1797 1106 1866 magis
1130 1797 1282 1867 cupio
1300 1798 1457 1862 tanto,
1482 1807 1533 1850 et
1554 1799 1715 1868 magis
1740 1798 1982 1852 desidero.

750 1866 844 1923 Ch.
885 1870 988 1921 Sed
1028 1870 1193 1939 ipsum
1231 1887 1486 1937 egressum
1528 1871 1658 1922 foras
1693 1870 1871 1924 video:
1906 1869 2009 1935 ibo,
2048 1871 2175 1931 allo*

920 1959 1025 1992 uar.

743 1958 1071 2075 Mengdemffi
1093 2013 1254 2064 salve:
1300 2011 1547 2064 nuncium
1571 2021 1782 2080 apporto
1803 2011 1915 2078 tibi,

744 2081 898 2153 Cujus
919 2085 1158 2135 maxume
1182 2092 1233 2133 te
1257 2081 1364 2134 fieri
1387 2082 1687 2153 participem
1707 2083 1866 2152 cupis,

741 2154 850 2206 Me.
886 2154 1029 2207 Num
1051 2155 1292 2224 quidnam
1314 2154 1376 2206 de
1394 2164 1550 2224 gnato
1567 2171 1685 2206 meo
1701 2153 1902 2220 audisti,
1920 2153 2168 2208 Chreme?

746 2225 837 2278 Ch.
873 2225 1024 2278 Valet
1057 2237 1209 2295 atque
1244 2225 1384 2278 vivit.
1455 2226 1564 2278 Me.
1599 2224 1811 2278 ubinam
1835 2235 1927 2292 est,
1962 2226 2170 2298 qum?

890 2295 986 2351 Ch.
1023 2298 1157 2368 apud
1181 2314 1265 2349 me
1290 2297 1445 2350 domi.
2098 2301 2164 2349 21

740 2369 850 2422 Me.
884 2368 1037 2421 Meus
1061 2369 1276 2438 gnatus?
1344 2369 1434 2420 Ch.
1458 2366 1531 2420 sic
1557 2375 1644 2421 est.
1706 2368 1817 2422 Me.
1840 2366 2015 2421 venit?
2075 2365 2169 2422 Ch.

885 2443 1036 2492 certe.
1107 2441 1215 2494 Me.
1253 2439 1421 2492 Clinia
2113 2500 2126 2505 v

739 2512 892 2565 Meus
916 2512 1091 2565 venit?
1171 2511 1267 2566 Ch.
1304 2509 1429 2565 dixi.
1501 2512 1610 2565 Me.
1648 2529 1839 2578 eamuS‚
1872 2511 1973 2564 duc
1995 2527 2081 2564 me
2103 2509 2168 2564 ad

881 2601 1001 2649 eum
1021 2585 1244 2637 obsecro·

744 2654 837 2709 Ch.
873 2655 996 2707 Non
1018 2658 1126 2708 vult
1152 2666 1202 2706 te
1227 2655 1354 2709 scire
1374 2673 1429 2708 se
1450 2654 1652 2708 rediisse
1675 2654 1848 2718 etiam,
1872 2662 1924 2706 et
1945 2663 2093 2707 tuum

739 2718 1081 2797 Conspectum
1122 2727 1306 2796 fugitat
1347 2728 1412 2780 ob
1452 2735 1753 2798 peccatum:
1809 2735 1920 2780 tum
1963 2725 2062 2778 hoc
2091 2723 2166 2847 {1⁰5-

872 2808 996 2863 met,

734 2867 817 2919 Ne
835 2878 924 2922 tua
948 2870 1129 2923 duritia
1153 2868 1361 2939 antiqua
1380 2868 1467 2922 illa
1490 2868 1643 2921 etiam
1668 2868 1880 2920 adaucta
1901 2865 1982 2919 sit.

734 2941 841 2993 Me.
878 2941 1000 2994 Non
1021 2951 1080 2992 tu
1103 2941 1151 2992 ei
1174 2941 1359 3004 dixisti,
1377 2949 1435 2991 ut
1458 2958 1616 2992 essem
1637 2940 1655 2990 ?
1734 2939 1824 2991 Ch.
1860 2954 1983 2991 non.
2051 2934 2164 2991 Me.

874 3015 1221 3081 quamobrem,
1244 3012 1497 3064 Chreme?
1946 3014 1947 3017 ’
2063 3050 2082 3069 ⁷-

737 3082 829 3136 Ch.
868 3081 1005 3141 Quia
1037 3086 1268 3155 pessume
1302 3083 1431 3136 istuc
1456 3083 1511 3135 in
1537 3092 1587 3134 te
1611 3089 1762 3152 atque
1786 3079 1842 3132 in
1865 3079 2013 3135 illum
2038 3096 2160 3133 con-

871 3157 1009 3221 suliS,
1786 3202 1790 3210 .

731 3226 788 3278 Si
812 3237 862 3279 te
885 3237 991 3279 tam
1016 3227 1120 3279 leni
1144 3237 1196 3279 et
1219 3227 1354 3280 victo
1378 3242 1484 3278 esse
1507 3224 1680 3278 animo
1701 3223 1994 3278 ostenderis.

731 3299 838 3352 Me.
873 3299 996 3351 Non
1037 3317 1272 3369 possum:
1324 3298 1442 3351 satis
1480 3295 1609 3368 jam,
1657 3297 1774 3349 satis
1819 3304 1963 3367 pater
2007 3295 2160 3349 durus

870 3371 963 3423 fui.
1043 3369 1138 3423 Ch.
1172 3369 1268 3423 ah!
2087 3369 2160 3418 30

2146 1022 2179 1070 5

99 3515 209 3562 scire,
231 3525 269 3555 et
285 3526 387 3556 tuam
404 3520 639 3570 praesentiam
657 3520 769 3559 evitat
781 3531 932 3575 propter
949 3523 1097 3575 culpam
1114 3523 1248 3562 amoris
1264 3521 1287 3561 ὲ
1300 3531 1339 3561 te
1356 3521 1537 3575 prohibiti
1554 3537 1563 3560 t
1592 3521 1726 3561 deinde
1741 3519 1815 3559 hoc
1830 3517 2016 3565 formidat,
2031 3528 2081 3556 ne
2093 3523 2160 3555 tua

97 3568 255 3620 pristina
282 3570 344 3608 illa
370 3573 538 3610 severitas
563 3573 707 3624 gravior
731 3574 828 3613 facta
847 3577 910 3614 sit.
963 3577 1044 3615 Me.
1071 3575 1134 3614 An
1153 3589 1227 3614 non
1253 3576 1378 3615 dixisti
1397 3578 1434 3616 ei
1451 3577 1611 3628 qualiter
1627 3588 1688 3613 me
1705 3572 1913 3613 haberem?
1970 3571 2041 3610 Ch.
2067 3566 2158 3607 Nou

97 3620 188 3658 dixi.
241 3622 321 3660 Me.
349 3622 386 3661 O
412 3623 588 3672 Chreme,
615 3638 728 3677 quare
747 3641 822 3666 non
848 3629 1007 3668 dixisti?
1065 3628 1137 3668 Ch.
1165 3628 1269 3672 Quia
1295 3630 1498 3681 pessimun
1525 3628 1721 3667 consilium
1746 3627 1847 3678 capis
1873 3625 2045 3664 adversas
2062 3629 2100 3658 te
2115 3628 2155 3658 et

96 3673 232 3721 filium,
249 3676 279 3712 si
297 3685 335 3713 te
351 3679 508 3727 gesseris
527 3691 613 3730 erga
629 3692 716 3725 eum
730 3689 807 3718 tam
825 3681 1035 3735 indulgenti
1051 3690 1092 3723 et
1103 3682 1220 3725 fracto
1232 3683 1372 3724 ultimo·
1424 3683 1506 3726 Me.
1533 3680 1625 3722 Non
1640 3693 1794 3735 possum
1807 3678 1915 3720 aliter
1928 3688 1990 3720 mc
2006 3684 2154 3728 3⁰¹3ss

96 3723 152 3766 fui
170 3727 364 3781 plusquam
382 3743 532 3783 aequum
548 3740 603 3771 est
621 3732 786 3775 acerbus.
844 3734 915 3776 012.
940 3734 1026 3776 Ah!

2075 1733 2177 1782 ‘15
