2314 3944
127 157 230 205 108

122 290 225 332 Nam
252 297 373 345 poetae
402 294 467 345 qui
502 307 611 332 novas
640 306 703 332 co-

123 347 279 385 moedias
311 359 412 385 nunc
431 347 587 391 faciunt,
617 346 703 385 nui-

102 398 198 437 -hm
226 400 298 437 mei
317 401 425 446 servi,
452 400 590 437 veteris·
602 406 702 436 acto-

121 453 188 498 ris,
208 453 389 490 rationem
407 451 560 496 habent,
575 459 612 489 et
629 451 702 489 dif-

122 504 292 543 ficiliores
313 514 358 542 ut
375 518 478 556 agam
501 504 700 542 comoedias

122 557 217 595 mihi
238 557 427 595 mandant.
482 555 524 594 Si
543 569 617 607 qua
639 561 703 594 co-

121 611 259 649 moedia
278 609 487 658 hujusmodi
509 619 580 655 est,
600 617 643 647 ut
661 611 705 662 in⁴

103 663 166 701 -ea
180 663 364 700 recitanda
386 663 547 700 multum
567 661 702 700 laboris

121 717 309 770 exignum
339 715 384 752 ad
405 727 463 752 me
482 715 640 761 venitur,
656 723 704 754 ,ut
738 722 740 724 ’

103 781 203 805 veam
243 781 367 819 agam:
407 768 464 805 sin
499 767 701 806 facilis-est

121 830 224 866 actu,
261 834 290 857 sl
328 833 405 858 non
436 821 593 858 motoria
627 829 698 867 est,

34 880 49 891 ⁷
119 873 184 911 sed
213 873 374 919 stataria,
404 872 484 910 aliis
512 873 698 911 actoribus

121 926 314 965 mandatur
343 926 496 978 agenda.
548 923 594 963 In
629 925 698 964 hac

101 978 466 1016 *statar-iacomoedia
497 991 618 1016 sermo
642 987 699 1017 est

120 1032 274 1077 nitidus,
304 1039 344 1068 et
379 1044 512 1082 purus3
555 1032 699 1083 pericu-

118 1084 201 1123 lum
219 1083 342 1130 facite,
362 1093 437 1121 tam
453 1086 490 1121 in
509 1084 700 1123 comoediis

65 1159 67 1163 .
117 1136 282 1184 lenibus,
326 1139 437 1188 quain
487 1137 697 1184 laboriosis;

453 151 510 205 P.
545 151 896 206 TERENTII
930 143 1867 208 -HEA·U'1'ONT1MORUMENOS.

755 292 891 345 Nam
916 311 1055 364 nunc
1077 310 1230 345 novas
1249 293 1336 363 qui
1353 295 1596 361 scribunt,
1619 298 1743 350 nihil
1770 293 1983 369 parcunt
2006 295 2112 349 seni
2134 318 2148 349 :

756 364 815 415 Si
829 376 948 434 ‘qu‘ae
973 364 1218 416 laboriosa
1242 375 1332 430 est,
1357 365 1420 417 ad
1443 384 1526 418 me
1551 371 1796 422 curritur:
2155 383 2158 386 ’

755 435 848 486 Sin
873 435 996 487 levis
1015 445 1103 500 est,
1118 436 1184 488 ad
1208 436 1508 488 aliummox
1532 438 1751 491 defertur
1762 457 1984 510 gregem.

754 506 814 557 In
844 507 936 558 hac
963 517 1036 558 est
1059 525 1183 577 pura
1206 507 1390 572 orati03
1430 508 1747 577 experimini,
1789 527 1791 530 ·

755 578 815 628 ln
839 588 1106 648 utramque
1129 590 1320 648 partem
1348 578 1609 647 ingenium
1636 581 1758 649 quid
1777 581 1930 650 possit
1954 600 2146 635 meum.

757 649 819 698 Si.
838 665 1097 718 nunquam
1123 653 1266 701 avare
1291 651 1508 718 pretium
1536 652 1685 703 statui
1709 653 1803 704 arti
1826 671 1970 718 meae,

754 719 824 772 Et
850 738 968 771 eum
994 738 1108 773 esse
1144 731 1390 791 quaestum
1429 722 1483 774 in
1519 723 1748 793 animum
1789 723 1964 776 induxi
2002 741 2184 776 maxu-

895 810 1056 856 mum,

753 863 924 917 Quam
946 865 1182 914 maxume
1206 865 1387 916 servire
1412 865 1585 917 vostris
1609 864 1920 916 commodis:
1988 884 1991 901 ³

752 933 1063 1004 Exemplum
1078 935 1286 991 statuite
1313 936 1364 987 in
1391 954 1492 1000 me,
1516 947 1574 988 ut
1597 935 1958 990 adolescentuli

751 1005 906 1056 Vobis
930 1007 1129 1075 placere
1152 1007 1384 1059 studeant
1409 1008 1589 1078 potiuS,
1616 1010 1767 1079 quam
1788 1007 1899 1060 sibi.

2112 445 2181 492 45

2113 871 2183 918 50

875 1186 884 1194 ι

120 1201 198 1229 tam
228 1191 267 1229 in
294 1190 466 1237 armariis,
493 1190 604 1241 quam
636 1190 818 1237 motoriis‚
847 1199 932 1242 quae
963 1191 1038 1230 sint
1069 1192 1211 1244 ingenii
1239 1191 1312 1230 mei
1339 1193 1428 1230 vires
1449 1193 1488 1230 in
1514 1191 1680 1242 utrisque
1705 1191 1911 1229 recitandis.
1966 1188 2008 1229 Si
2035 1191 2183 1242 quidem

123 1251 314 1294 nunquam
334 1255 418 1280 caro
435 1245 556 1294 pretio
577 1255 690 1282 artem
710 1257 832 1282 meam
845 1244 1036 1291 aestimavi,
1055 1248 1093 1282 e't
1109 1243 1203 1282 mihi
1220 1246 1347 1296 putavi
1366 1243 1438 1283 hoc
1456 1245 1598 1284 lucrum
1616 1246 1746 1297 ingens
1765 1257 1858 1290 csse,
1876 1244 2004 1281 vestris
2022 1257 2186 1282 commo·

125 1297 368 1334 dis'inservire
382 1306 420 1332 et
440 1298 668 1347 prospicere;
698 1297 907 1348 exemplum
927 1297 968 1335 in
993 1310 1052 1336 me
1066 1299 1277 1350 proponite,
1294 1305 1333 1335 et
1356 1299 1409 1336 ita
1424 1297 1517 1337 mihi
1532 1297 1666 1345 favete,
1681 1306 1721 1335 ut
1729 1297 1883 1347 juvenes
1898 1305 2041 1335 actores
2060 1296 2185 1348 prodi-

123 1350 199 1387 turi
219 1349 321 1386 vobis
340 1349 478 1399 potius,
494 1349 610 1400 quam
641 1350 713 1388 sibi
733 1350 1016 1388 oblectationem
1045 1348 1174 1398 afferre
1198 1359 1395 1402 conentur,
1413 1359 1453 1390 et
1485 1351 1612 1406 potius
1627 1350 1756 1405 gratiae
1784 1358 1911 1389 vestrae
1937 1349 2184 1403 demerendi&

120 1401 232 1455 quiem
249 1402 488 1455 quaeststssui
504 1403 633 1442 caussa
645 1412 760 1452 artem
778 1404 956 1442 comicam
975 1404 1181 1454 exerceant.
1745 1418 1762 1428 ⁸

527 1463 529 1467 ¹
541 1470 543 1475 ,
663 1456 668 1473 l
941 1471 944 1474 r
1066 1457 1067 1460 ’

981 1575 1329 1672 ‘aurionno'

183 1737 237 1767 41*
264 1726 357 1768 Med
389 1727 531 1778 causti]
588 1725 704 1767 Actor
733 1725 911 1779 postulat,
938 1735 982 1765 ut
1015 1727 1093 1776 ejus
1117 1735 1234 1779 :opera
1258 1727 1434 1766 inserviat
1463 1726 1588 1780 potius
1614 1726 1767 1779 agendis
1793 1726 1980 1766 comoediis
2011 1725 2184 1775 statariis,

125 1780 239 1835 quam
259 1783 438 1831 motoriis,
459 1783 544 1822 cum
562 1789 662 1822 actor
680 1782 758 1838 ipse
770 1781 827 1836 git
844 1776 972 1828 senez
984 1781 1168 1835 ‘cuiparci
1183 1779 1329 1821 debeat.

493 2023 526 2076 „
575 1943 985 2097 ,Ajfc'rus
1047 1987 1107 2056 1.
1156 2051 1159 2055 ,
1204 1985 1611 2080 SCENA
1655 1987 1715 2053 1.

681 2193 1054 2248 CHREMES,
1126 2149 1622 2258 MEN'fiDEMUS.

176 2365 246 2406 Ch,
274 2362 499 2416 Quanquam
517 2361 600 2402 haec
629 2372 698 2397 no-

97 2420 206 2459 'titia
239 2418 436 2458 admodum
472 2431 566 2456 nova
599 2417 697 2454 inter

117 2485 188 2511 nos
233 2480 305 2518 est,
337 2471 424 2509 inde
463 2481 563 2516 nata,
597 2465 695 2519 qubd

117 2526 299 2577 praedium
331 2525 370 2563 in
397 2522 478 2562 hac'
494 2523 630 2560 vicinia
657 2533 698 2557 e-

117 2580 235 2624 misti,
266 2591 335 2616 nec
365 2577 441 2615 ulla
472 2577 570 2614 certe
597 2575 697 2627 prior

118 2644 228 2669 eausa
255 2630 326 2668 alia
351 2639 407 2668 est
431 2629 510 2678 ejus
530 2629 692 2670 notitiem

119 2685 296 2722 caeterum
321 2683 377 2720 vel
404 2683 516 2720 virtus
542 2682 621 2728 tua,
639 2680 695 2718 vel

755 2358 842 2412 Ch.
883 2359 1216 2418 QUANQUAM
1242 2359 1355 2414 haec
1395 2357 1526 2409 inter
1549 2373 1639 2408 nos
1665 2373 1855 2427 nupera
1881 2357 2056 2418 notitia
2091 2356 2181 2410 ad-

894 2431 1104 2483 modum
1129 2442 1220 2495 est,
1939 2479 1942 2483 .

751 2501 876 2554 Inde
895 2502 1021 2554 adeo
1042 2502 1178 2571 quod
1198 2518 1377 2569 agrum
1394 2499 1445 2551 in
1465 2515 1714 2570 proxumo
1739 2498 1824 2550 hic
1848 2509 2096 2552 mercatus
2110 2517 2181 2566 οε,

750 2572 864 2625 Nec
889 2574 961 2625 rei
985 2575 1089 2626 fere
1115 2575 1234 2625 sane
1251 2571 1468 2641 amplius
1493 2571 1917 2640 quidquamvfuit3
1946 2572 1948 2574 ’
2087 2580 2091 2589 ⁴

749 2643 949 2696 Tamen
974 2648 1053 2697 vel
1077 2644 1230 2696 virtus
1250 2653 1337 2694 tua
1362 2661 1462 2707 me,
1479 2644 1566 2696 ‚vel
1586 2641 1847 2707 vicinium,

116 2737 303 2782 vicinitas,
330 2735 426 2787 quod
458 2748 530 2772 non
561 2735 602 2772 in
631 2747 696 2771 ex·
749 2716 902 2771 Quod
921 2734 1017 2786 ego
1039 2716 1094 2768 in
1118 2714 1399 2786 propinqua
1420 2724 1561 2783 parte
1578 2714 1825 2766 amicitiae
1847 2722 1987 2785 pute,
2144 2720 2177 2767 5

117 2789 237 2827 trema
254 2797 361 2842 parte
379 2788 553 2826 amicitiae
578 2799 694 2847 P91102
726 2787 910 2851 Tacit,
934 2797 992 2839 ut
1015 2797 1066 2839 te
1089 2787 1326 2839 audacter
1345 2803 1582 2838 moneam
1607 2795 1658 2837 et
1677 2784 2002 2852 familiariter,

116 2854 178 2881 me
215 2843 372 2887 inducit,
391 2850 434 2878 ut
468 2849 507 2878 te
538 2839 695 2878 familia-

115 2895 208 2932 riter
231 2903 269 2932 et
297 2894 410 2932 libere
437 2905 623 2938 moneam,
655 2901 694 2930 te

114 2946 208 2985 mihi
241 2948 353 2985 videri
383 2955 512 2984 contra
539 2945 692 2984 senilem

113 3009 218 3038 tuam
233 3009 379 3038 aetatem
392 3012 534 3051 gerere,
543 3007 583 3036 et
599 3011 693 3049 prze-

112 3062 172 3092 ter
189 3054 300 3105 quam
318 3053 456 3091 utilitas
472 3064 534 3090 tua
552 3052 693 3089 suadet.

114 3104 214 3144 Nam
231 3104 322 3157 proh
337 3107 487 3144 deorum
502 3113 611 3156 atque
626 3102 694 3143 ho-

116 3160 259 3197 minum
306 3159 439 3198 fidem!
491 3157 581 3208 quid
621 3158 690 3203 vis,

117 3220 180 3249 aut
211 3212 301 3262 quid
334 3211 455 3263 petis?
486 3209 690 3262 Explevisti

117 3277 253 3303 annum
298 3264 582 3315 sexageslmum,
625 3271 689 3301 aut

113 3330 201 3355 eum
230 3318 390 3363 excedis,
427 3326 469 3354 ut
501 3317 692 3365 conjecto:

113 3383 227 3408 nemo
255 3371 417 3422 possidet
444 3382 574 3419 agrum
591 3367 693 3406 ferti-

110 3421 259 3469 liorem,
296 3419 417 3474 deque
448 3421 565 3473 pluris
592 3421 693 3458 aesti-

111 3484 254 3514 matum
282 3477 321 3513 in
358 3474 588 3513 confinibus:
625 3486 692 3511 ne·

109 3541 185 3579 que
214 3529 319 3579 plura
350 3528 548 3578 mancipia,
579 3525 690 3577 quam

106 3589 168 3627 tu,
200 3579 334 3618 habeti
379 3590 505 3618 tamen
535 3589 578 3618 tu
612 3580 691 3630 ipse

107 3632 260 3671 illorum
288 3633 407 3671 officia
437 3632 542 3678 facis,
563 3633 689 3670 animo

749 2857 904 2914 Quod
929 2858 1058 2910 mihi
1081 2858 1249 2911 videre
1272 2866 1454 2926 praeter
1475 2867 1678 2909 aetatem
1702 2866 1842 2908 tuam

748 2929 952 2995 Facere,
973 2941 1024 2981 et
1047 2940 1380 2999 praeterquam
1401 2945 1477 2979 res
1500 2937 1551 2978 te
1575 2927 1863 2979 adhortatur
1883 2935 1985 2977 tua.

747 2999 884 3053 Nam
913 3003 1002 3070 pr&
1037 3002 1191 3054 deum
1224 3012 1375 3070 atque
1407 2998 1676 3051 hominum
1716 2996 1902 3050 fidem!
1944 2997 2065 3067 quid
2104 2997 2176 3050 vis

887 3073 1018 3124 tibi?

746 3144 884 3200 Quid
911 3143 1126 3212 quaeris?
1165 3161 1322 3195 annos
1347 3141 1603 3211 sexaginta
1628 3148 1770 3192 natus
1795 3158 1862 3203 οε,
2111 3146 2176 3192 10

742 3216 850 3267 Aut
872 3217 983 3284 plus
1007 3233 1084 3280 e0,
1113 3224 1166 3266 ut
1191 3212 1436 3283 conjicio:
1476 3231 1650 3280 agrum
1677 3211 1731 3263 in
1755 3212 1832 3262 his
1857 3212 2144 3282 regionibus

747 3286 1037 3351 Meliorem,
1069 3304 1233 3354 neque
1257 3284 1404 3354 pretii
1429 3282 1626 3352 majoris
1653 3301 1803 3334 nemo
1829 3283 1981 3334 habet
2002 3305 2014 3336 z

747 3356 924 3408 Servos
949 3360 1263 3426 complures:
1302 3355 1510 3426 proinde
1536 3354 1675 3424 quasi
1702 3373 1852 3405 nemo
1876 3355 1985 3419 siet,
2041 3384 2043 3388 ·

746 3428 823 3480 Ita
846 3437 953 3479 tute
976 3430 1166 3480 attente
1191 3428 1391 3479 illorum
1417 3426 1585 3478 officia
1608 3428 1833 3494 fungere.

746 3492 1025 3570 Nunquam
1045 3510 1149 3552 tam
1178 3501 1326 3550 mane
1351 3497 1595 3566 egredior,
1615 3515 1778 3566 neque
1801 3507 1905 3548 iam
1926 3495 2116 3565 vesperi

743 3569 978 3623 Domum
1005 3581 1236 3634 revertor,
1262 3569 1384 3641 quin
1405 3579 1455 3621 te
1479 3570 1533 3620 in
1556 3570 1714 3619 fundo
1738 3568 1998 3637 conspicer
2110 3572 2174 3619 16

103 3695 183 3724 tam
201 3695 358 3732 attento,
387 3685 489 3737 quasi
516 3685 636 3723 nullos
669 3683 818 3723 habeas.
871 3681 1077 3733 Nunquam
1102 3690 1178 3720 tam
1206 3682 1313 3720 mane
1339 3694 1444 3728 exeo,
1471 3693 1595 3734 neque
1621 3681 1732 3721 redeo
1749 3681 1903 3721 domum
1921 3687 1996 3718 tam
2017 3679 2112 3727 stro,
2132 3686 2174 3717 ut

106 3752 180 3779 non
198 3738 338 3780 videam
358 3748 395 3779 te
412 3738 510 3792 pala,
528 3747 593 3778 aut
608 3737 682 3778 alio
699 3735 927 3781 ferramento
945 3744 1081 3781 terram
1098 3747 1225 3776 eruere
1241 3736 1279 3775 in
1297 3747 1388 3788 agro
1406 3743 1488 3782 tuo,
