2314 3944
782 172 1015 232 AcTUs
1048 175 1113 231 v.
1185 175 1420 229 scENA
1453 152 1597 229 vm.

159 325 296 383 Eam
320 321 610 394 compressit
637 319 772 372 unde
801 321 914 373 haec
938 329 1055 372 nata
1078 327 1167 384 est,
1193 335 1359 388 neque
1382 318 1582 388 postilla

303 403 525 467 unquam
552 393 732 461 attigit.

161 470 243 525 Ea
266 480 477 523 mortem
504 466 629 516 obiit
650 485 662 518 z
701 466 728 515 ὲ
753 464 923 517 medio
946 461 1085 531 abiit,
1109 459 1195 530 qui
1214 460 1310 511 fuit
1333 461 1388 513 in
1411 479 1464 512 re
1488 462 1584 512 hac

301 540 575 607 scrupulus
825 599 829 602 ⁵
1514 539 1584 583 30

161 611 333 670 Quam
365 612 428 661 ob
454 627 557 659 rem
597 618 647 659 te
683 625 787 672 oro,
822 616 881 658 ut
905 604 1001 657 alia
1022 606 1153 655 facta
1171 610 1258 653 tua
1281 612 1413 668 sunt,
1438 621 1586 673 aequo

301 682 472 732 animo
499 681 593 731 hoc
617 681 758 730 feras.
901 724 904 726 Α
1007 727 1009 729 ,

164 753 270 810 Να.
309 751 451 807 Quid
486 770 580 819 ego
605 767 750 819 aequo
779 748 983 800 animo?
1025 744 1174 814 cupio
1203 745 1385 797 misera
1408 745 1463 797 in
1486 745 1583 797 hac

300 841 354 875 re
382 822 489 893 jam
515 821 793 892 defungier.

159 895 263 948 sed
286 895 407 966 quid
429 894 662 962 sperem?
701 901 848 943 aetate
871 889 1018 960 porro
1051 888 1220 940 miniis
1254 890 1584 956 peccaturum

299 976 476 1035 putem
500 966 517 1016 ?
1247 1014 1251 1015 ⁷

160 1035 282 1090 Jam
306 1048 417 1088 tum
442 1045 547 1087 erat
570 1053 739 1098 senex,
773 1040 1002 1084 senectus
1022 1029 1063 1081 si
1087 1028 1393 1080 verecundos
1413 1027 1550 1082 facit.

158 1111 244 1161 An
281 1126 395 1160 mea
429 1110 594 1158 forma
629 1117 778 1173 atque
814 1115 933 1155 aetas
962 1119 1097 1153 nunc
1121 1100 1280 1168 magis
1306 1101 1588 1170 expetenda

302 1190 392 1242 est,
413 1177 674 1246 Demipho
696 1178 712 1226 ?
1175 1175 1177 1177 ’
1513 1177 1581 1223 35

161 1249 301 1307 Quid
339 1249 467 1301 mihi
502 1249 587 1299 hic
624 1245 785 1311 affers,
827 1245 1153 1314 quamobrem
1179 1249 1462 1313 expectem,
1497 1252 1585 1293 aut

298 1337 492 1388 sperem
517 1321 664 1386 porro
687 1336 791 1368 non
815 1319 919 1368 fore
940 1317 957 1367 ?
1219 1335 1222 1340 ·

157 1389 259 1446 Ph.
295 1391 548 1459 Exequias
585 1389 860 1454 Chremeti,
910 1387 1089 1456 quibus
1126 1395 1199 1438 est
1236 1384 1581 1450 commodum,

125 1458 128 1460 ’
162 1462 164 1465 ’
299 1462 372 1513 ire
385 1463 498 1532 jam
523 1463 723 1530 tempus
748 1470 837 1511 est.

159 1532 248 1586 Sic
273 1533 434 1586 dabo:
471 1550 565 1600 age
590 1550 744 1597 nunc,
781 1530 1160 1595 Phormionem,
1198 1529 1287 1600 qui
1322 1530 1471 1593 volet,
1506 1529 1581 1580 la-

301 1603 478 1656 cessito
496 1624 532 1657 :⁷

156 1676 296 1729 Faxo
321 1675 412 1727 tali
433 1692 559 1746 eum
591 1683 885 1738 mactatum,
925 1683 1074 1744 atque
1110 1673 1197 1724 hic
1233 1682 1322 1736 est,
1367 1672 1580 1725 infortu-

299 1765 405 1800 nio.

156 1816 351 1870 Redeat
386 1819 504 1869 sane
539 1817 595 1869 in
629 1816 877 1887 gratiam:
923 1814 1032 1885 jam
1081 1813 1317 1886 supplicii
1352 1813 1469 1866 satis
1506 1823 1582 1866 est

163 1903 171 1909 ·
296 1889 460 1941 mihi:
535 1908 538 1913 ·
1507 1891 1579 1936 40

155 1958 331 2027 Habet
366 1961 495 2024 haec,
532 1959 591 2011 ei·
604 1959 758 2031 quod,
794 1959 916 2010 dum
952 1956 1102 2022 vivat,
1137 1975 1295 2028 usque
1319 1957 1382 2008 ad
1404 1974 1578 2008 aurem

297 2031 571 2101 obganniat

156 2101 262 2155 Na.
298 2104 367 2155 At
405 2121 520 2155 meo
555 2101 736 2154 merito
773 2101 960 2154 credo:
994 2099 1114 2170 quid
1148 2117 1243 2168 ego
1267 2119 1405 2152 nunc
1437 2117 1579 2152 com-

299 2191 595 2238 memorem,
624 2171 903 2240 Demipho,
1500 2189 1505 2193 ’

156 2243 481 2314 Singulatim,
505 2245 664 2315 qualis
689 2261 783 2312 ego
805 2243 858 2294 in
883 2243 1035 2295 istum
1060 2242 1240 2295 fuerim
1261 2243 1279 2294 ?
1335 2242 1442 2296 De.
1461 2243 1579 2296 novi

184 2331 188 2334 ’
297 2319 440 2386 aeque
465 2317 638 2367 omnia

153 2386 369 2440 Tecum.
461 2388 566 2442 Na.
614 2387 793 2439 merito
827 2386 930 2438 hoc
966 2404 1082 2438 meo
1117 2385 1312 2439 videtur
1346 2387 1574 2439 factum?

297 2458 399 2511 De.
438 2460 649 2512 minime
675 2458 939 2526 gentium:

155 2528 348 2582 Verum
386 2531 586 2600 quando
613 2529 722 2600 jam
747 2530 1029 2582 accusando
1049 2528 1159 2582 fieri
1192 2527 1437 2580 infectum
1476 2546 1580 2598 non

296 2613 479 2669 potest,
1507 2607 1577 2655 45

155 2669 402 2740 Ignosce:
441 2682 585 2737 orat3
625 2671 922 2738 confitetur3
959 2681 1170 2742 purgat:
1209 2670 1333 2740 quid
1367 2670 1440 2723 vis
1473 2685 1582 2723 am-

333 2744 429 2794 lius
448 2744 466 2795 ?

157 2812 260 2865 Ph.
297 2760 590 2876 {Enimverm
625 2813 761 2882 prius
786 2815 939 2883 quam
964 2813 1074 2865 haec
1098 2813 1184 2866 dat
1205 2813 1422 2879 veniam,
1452 2813 1580 2880 mihi

298 2885 599 2955 prospiciam
624 2897 675 2936 et
698 2884 963 2937 Phaedriae.

2102 175 2210 232 249

1634 313 1818 371 gravidam
1856 313 1962 362 fecit,
2001 317 2099 355 unde
2126 316 2212 358 hoec

1633 372 1734 422 virgo
1745 370 1872 421 genita
1891 381 1961 415 est,
1977 383 2097 419 neque
2105 382 2209 422 post-

1637 437 1679 460 ea
1724 435 1888 474 unquam
1927 435 2012 460 cum
2041 423 2105 460 illa
2133 437 2211 462 rem

1636 473 1778 512 habuit.
1821 474 1962 513 Eadem
1998 475 2019 512 e
2051 475 2125 513 vitii
2148 476 2212 513 de-

1636 529 1770 565 cessit:
1813 537 1930 566 morte
1963 527 2105 566 sublata
2137 537 2212 575 est,

1638 594 1722 631 quae
1753 582 1783 618 si
1815 581 1950 618 viveret
1981 579 2215 619 difficultates

1637 643 1675 670 et
1716 633 1863 671 dissidia
1905 632 2033 672 afferre
2071 643 2214 686 posset.

1638 684 1874 738 Quapropter
1888 695 1925 724 te
1943 687 2110 734 obsecro,
2127 700 2214 737 quae

1636 747 1701 776 tua
1727 747 1783 775 est
1808 739 1914 776 solita
1940 739 2146 788 benignitas
2173 748 2214 778 et

1636 791 1809 836 facilitas,
1837 801 1881 829 ut
1908 790 1978 829 hoc
2006 793 2117 830 etiam
2146 804 2214 843 pa·-

1636 844 1772 881 ticnter
1798 843 1905 882 feras.
1972 846 2046 883 Na.
2073 843 2211 890 Quid?

1637 909 1699 934 me
1726 897 1906 947 patienter
1929 896 1965 934 id
1992 897 2110 935 ferre?
2141 898 2215 936 uti·

1638 962 1724 987 nam
1753 950 1793 987 in
1817 948 1900 995 hac,
1925 957 2000 987 tam
2022 951 2135 988 atroci
2153 951 2214 988 in·-

1633 1002 1746 1052 juria,
1774 1002 1946 1040 omnibus
1963 1001 2137 1041 defuncta
2152 1017 2214 1042 es·

1639 1068 1732 1100 sem,
1753 1064 1791 1092 et
1809 1054 1924 1092 libera
1941 1056 1980 1092 in
2000 1064 2215 1106 posterum?

1635 1117 1680 1145 ut
1705 1108 1902 1154 desineret,
1939 1116 1983 1154 ‚et
2022 1108 2133 1146 finem
2156 1109 2212 1148 fa-

1636 1170 1735 1199 ceret
1760 1159 1939 1198 Chremes
1974 1158 2068 1199 mihi
2092 1162 2213 1200 mole-

1636 1214 1723 1251 stias
1762 1211 1962 1260 exhibere3
2012 1214 2077 1252 sed
2117 1215 2236 1265 quid=

1635 1268 1768 1304 melius
1807 1276 1999 1317 expectem
2035 1266 2082 1304 ab
2113 1268 2211 1306 illo?

1635 1319 1698 1358 An
1726 1329 1879 1371 propter
1907 1328 2053 1358 aetatem
2086 1321 2211 1359 minus

1635 1385 1721 1410 cum
1762 1371 1905 1410 libidini
1951 1372 2115 1411 deditum
2163 1375 2210 1413 iri

1634 1425 1788 1477 opiner?
1844 1424 1898 1462 At
1917 1424 1995 1474 jam
2022 1434 2103 1464 tum
2127 1431 2210 1465 erae

1633 1491 1768 1516 senex:
1800 1478 1830 1515 si
1858 1477 2007 1529 quidem
2033 1487 2209 1518 senectus

1633 1529 1803 1569 homines
1829 1530 1847 1569 ὲ
1867 1531 2052 1582 peccando
2069 1531 2211 1569 abster-

1634 1597 1713 1622 rere
1745 1596 1812 1636 per
1847 1584 2102 1623 verecundiam
2141 1584 2210 1622 de-

1633 1636 1709 1674 bet.
1770 1636 1832 1674 An
1858 1649 1940 1674 mea
1969 1635 2208 1687 pulchritudo

1632 1698 1742 1740 atque
1777 1700 1864 1727 aetas
1897 1702 2057 1740 praesens
2087 1691 2206 1742 magis

1631 1743 1742 1793 quam
1768 1752 1875 1780 antea
1901 1755 1987 1780 eum
2012 1742 2147 1781 alliciet
2164 1743 2206 1782 in

1631 1809 1809 1842 amorem,
1845 1793 2070 1846 Demipho?
2116 1796 2207 1848 quid

1633 1847 1725 1886 mihi
1749 1849 1940 1900 proponiS,
1965 1849 2218 1899 quamobrem,

1632 1911 1822 1952 expectem
1855 1914 1940 1939 eum
1971 1901 2126 1939 ulterius
2157 1903 2206 1941 ad

1631 1955 1822 1992 libidinem
1858 1967 1933 1992 non
1967 1954 2204 1993 rediturum?

1635 2007 1701 2045 Ph.
1725 2006 1910 2058 Exequias
1928 2007 2066 2045 funeris
2083 2006 2206 2046 Chre·

1631 2061 1740 2098 metis
1774 2061 1962 2112 prosequi,
2001 2061 2033 2098 si
2066 2061 2213 2111 quibus*

1630 2124 1747 2160 vacat,
1762 2113 1840 2163 jam
1868 2121 2015 2164 tempus
2033 2122 2089 2151 est
2106 2113 2206 2151 cele-

1629 2165 1745 2204 brare.
1791 2164 1854 2203 Sic
1873 2166 1969 2204 dabo
1985 2166 2206 2214 exercitum,

1632 2228 1673 2256 et
1715 2218 1922 2271 opprobriis
1964 2220 2176 2270 expositum
2191 2233 2205 2257 t

1631 2285 1714 2325 age,
1763 2285 1830 2324 age
1863 2283 1975 2318 nunc,
2007 2273 2040 2310 si
2071 2272 2131 2310 cui
2159 2272 2208 2311 li-

1630 2324 1730 2371 beat,
1748 2322 2012 2362 Phormionem
2039 2324 2178 2362 irritato
2192 2339 2206 2363 ε

1630 2377 1760 2416 faciam
1795 2387 1839 2415 ut
1869 2377 1947 2424 tali,
1982 2386 2094 2429 atque
2126 2375 2206 2425 hic,

1630 2440 1806 2483 augeatur
1838 2430 2002 2468 aerumna
2037 2438 2076 2468 et
2110 2430 2207 2468 cala·-

1630 2484 1770 2521 mitate.
1819 2481 2092 2520 Reconcilietur
2119 2483 2208 2522 sane

1631 2549 1730 2574 nunc
1758 2537 1798 2573 in
1827 2537 2000 2586 gratiam:
2035 2535 2116 2589 jain
2146 2549 2209 2575 sa·

1630 2590 1678 2626 tis
1707 2587 1788 2627 haec
1811 2587 1907 2626 ultio
1926 2586 2020 2626 mihi
2046 2586 2208 2629 sufficit:

1631 2640 1744 2680 habet
1770 2641 1791 2679 ὲ
1818 2654 1878 2678 me
1895 2639 1977 2679 hoec
1996 2639 2210 2680 Nausistra-

1631 2703 1670 2732 ta
1700 2695 1798 2745 quod
1825 2693 1874 2740 ei,
1908 2694 1997 2731 dum
2022 2693 2136 2732 stabit
2162 2695 2206 2731 in

1633 2747 1721 2792 vita,
1762 2746 1808 2783 ad
1838 2759 1964 2785 aurem
1992 2747 2138 2784 occinat
2165 2753 2209 2784 ct

1633 2800 1898 2839 obmurmuret.
1962 2799 2039 2837 Na.
2066 2798 2129 2837 An
2157 2799 2212 2837 ita

1634 2853 1787 2890 fortasse
1822 2852 1872 2890 'de
1907 2864 1952 2890 eo
1986 2864 2210 2899 merueram,

1634 2915 1675 2944 ut
1691 2906 1743 2942 sic
1761 2918 1906 2943 mecum
1917 2905 2071 2956 ageret?
2100 2905 2212 2943 credo

1633 2959 1730 2996 verb.
1784 2956 1890 3001 Quid
1916 2971 2016 2996 nunc
2045 2971 2116 3009 ego
2137 2958 2211 2995 mi-

156 3016 315 3054 nutat’un
333 3017 406 3055 tibi
425 3030 582 3064 narrem,
605 3016 752 3068 qualem
768 3027 838 3068 ego
857 3027 944 3067 erga
960 3027 1045 3052 eum
1062 3027 1123 3052 me
1140 3013 1315 3064 gesserim
1332 3013 1348 3051 ?
1406 3013 1478 3051 De.
1503 3010 1624 3052 Probe
1642 3012 1678 3050 id
1694 3012 1772 3048 scio
1789 3020 1911 3048 tecum
1932 3012 2078 3061 pariter.
2129 3010 2210 3050 Na.

159 3067 224 3105 An
243 3068 314 3104 tibi
338 3069 460 3108 videor
477 3072 590 3122 digna
606 3069 718 3107 fuisse
737 3068 806 3106 hac
825 3068 1079 3106 contumelia?
1137 3067 1208 3105 Dc.
1235 3065 1399 3104 Minime
1416 3068 1583 3103 omnium
1601 3080 1610 3104 e

1638 3065 1763 3102 verum
1781 3065 1866 3102 cum
1887 3062 1967 3100 haec
1985 3062 2082 3100 illius
2100 3061 2210 3112 culpa

157 3121 490 3170 criminationibus,
522 3131 559 3160 et
587 3122 898 3174 increpationibus
917 3119 1056 3158 infecta
1073 3118 1172 3156 reddi
1199 3131 1274 3156 non
1294 3127 1430 3170 potest,
1448 3119 1616 3156 condona
1633 3117 1711 3156 illi:
1741 3116 1922 3161 obsecrat,
1953 3114 2151 3152 confitetur
2166 3127 2209 3151 se

155 3171 366 3222 deliquisse,
397 3168 558 3223 postulat
573 3184 617 3213 ut
642 3188 746 3212 suam
765 3175 1038 3226 purgationem,
1067 3180 1104 3209 et
1131 3171 1418 3209 satisfactionem
1436 3172 1616 3222 accipias:
1645 3169 1733 3220 quid
1750 3169 1867 3219 exigis
1883 3166 2072 3218 amplius?
2133 3167 2206 3205 ΡΙι.

159 3223 359 3276 Equidem,
378 3227 587 3280 priusquam
598 3226 682 3267 haec
700 3240 739 3266 se
758 3228 947 3279 ignoscere
965 3227 1097 3272 marito
1114 3224 1259 3276 culpam
1276 3225 1513 3277 pronunciet,
1532 3222 1625 3262 mihi
1643 3220 1922 3276 praecavendum
1939 3228 1978 3257 et
1991 3217 2185 3259 Phaedriae.

965 3327 1407 3370 ANNOTATIONES.

212 3415 260 3454 37
292 3410 480 3462 Exequias
504 3410 585 3462 ire]
649 3409 973 3454 Quemadmodum
1000 3410 1157 3448 dicimus

160 3463 212 3500 irc
237 3463 390 3514 inficias,
445 3477 486 3501 ro
504 3464 672 3509 inficiari,
691 3464 743 3500 sic
762 3464 814 3500 ire
832 3464 998 3512 exequias
1016 3463 1159 3513 antiqui

158 3516 342 3553 dicebant.
396 3477 478 3554 Ῑ-Ῠὲο
505 3515 664 3553 formula
687 3516 851 3566 exequiae
878 3515 1159 3561 indicebantur3

158 3566 205 3606 L.
221 3566 347 3606 Titius
365 3570 477 3606 vixit:
506 3566 552 3606 L.
569 3566 674 3605 Titio
689 3568 861 3616 exequias
879 3568 931 3605 irc
954 3567 1042 3616 quoi
1071 3567 1156 3625 (pro

158 3620 234 3670 cui)
256 3621 489 3659 commodum
508 3629 563 3658 est
582 3620 661 3671 jam
679 3630 825 3672 tempus
841 3629 917 3657 est:
946 3617 1042 3656 ollus
1074 3618 1158 3670 (pro

159 3671 240 3720 ille)
261 3672 423 3711 effertur.

208 3732 260 3769 39
286 3726 498 3766 Mactatum
511 3723 743 3779 infortunio-J
787 3724 917 3767 Macte
933 3721 1087 3766 verbum
1102 3729 1159 3764 est

1209 3619 1326 3669 magis
1372 3625 1530 3654 auctam.

1209 3418 1400 3461 sumptum
1419 3407 1441 3446 a
1458 3406 1581 3445 sacris.
1600 3404 1758 3444 Dictum
1783 3410 1931 3454 putant,
1961 3402 2066 3454 quasi
2092 3401 2212 3451 magis

1211 3468 1332 3506 aucto,
1361 3461 1399 3498 id
1419 3470 1491 3505 est,
1519 3471 1660 3509 augeo:
1690 3470 1773 3494 nam
1795 3456 2008 3506 priusquam
2025 3456 2210 3492 victimam

1213 3513 1464 3557 immolarent,
1495 3509 1598 3556 thus,
1630 3518 1694 3547 aut
1725 3510 1847 3545 vinum
1877 3520 1987 3558 super
2014 3520 2096 3544 earn
2122 3506 2211 3544 fun-

1210 3566 1366 3611 dcbaut3
1415 3564 1511 3602 unde
1547 3572 1704 3600 maetam
1742 3561 1842 3599 illam
1876 3560 2062 3606 dicebant,
2102 3560 2209 3610 quasi

1561 3609 1572 3617 ”
1615 3613 1781 3652 Mactare
1825 3622 1958 3659 morte,

1211 3670 1363 3719 danim,
1382 3667 1587 3709 infortunio
1603 3667 1737 3707 dicitur
1753 3678 1821 3720 per
1839 3662 2107 3719 metaphoram.

2011 3612 2211 3662 supplicio,
