2340 3964
0 3846 45 3964 §ji-x.
0 3787 11 3833 η’.-
0 3747 12 3778 1,.
0 3698 22 3718 :-

18 3875 36 3912 ‘³¹2
26 3701 35 3721 Ἀ

848 145 1081 235 Aeros
1117 153 1159 208 1.
1235 144 1468 208 scENA
1490 143 1572 208 11.
1603 187 1605 189 .

185 297 511 369 Ancillulam,
534 297 720 349 relictis
746 298 891 349 rebus
915 298 1166 362 omnibuS‚
1187 307 1189 309 ’

184 368 435 423 Quaesivi?
474 371 620 438 porro
644 370 934 434 eunuchum
961 371 1087 420 dixti
1113 370 1239 420 velle
1263 374 1329 433 t'e,
1387 395 1389 398 ·
1454 398 1457 402 ·

182 439 318 494 Quia
340 441 693 506 solae-utuntur
715 440 794 490 his
818 441 1038 508 reginae:
1082 439 1292 509 repperi.
1387 449 1390 452 ’
1441 451 1446 463 “

182 508 312 560 Heri
337 503 699 580 'minasvigi‘nti
727 522 818 580 pro
840 513 1082 563 ambobus
1106 510 1235 563 dedi.
1526 515 1595 569 89

178 580 375 632 Tamen
395 592 712 651 contemptus
736 584 913 647 abste,
938 583 1048 634 haec
1066 582 1225 632 'habui
1246 581 1300 631 in
1326 581 1593 633 memoria:

178 651 262 701 Ob
288 651 400 703 haec
424 655 554 705 facta
571 656 663 705 'abs
686 664 735 704 te
756 671 972 723 spernor.
1020 652 1113 706 Th.
1140 652 1258 723 quid
1281 651 1425 712 istuc,
1446 650 1594 701 Phae-

303 748 313 764 κ
321 723 432 774 dria·
443 726 460 775 ?
746 738 752 743 '
1141 752 1145 759 ·
1367 722 1596 789 [arbitror

178 793 485 863 Quanquam
531 795 668 846 illam
718 795 869 864 cupio
914 796 1177 857 abducere,
1223 803 1372 862 atque
1409 792 1503 843 hac
1541 811 1592 844 re

176 863 238 915 Id
254 863 361 916 fieri
387 884 528 935 posse
555 869 814 918 maxume:
848 877 1211 928 verumtamen,
1438 863 1590 931 [seriS.

175 934 362 1000 Potius,
389 940 539 1006 quam
571 949 620 987 te
654 938 919 988 inimicum
946 938 1174 999 habeam,
1202 935 1381 986 faciam
1409 945 1464 985 ut
1482 935 1589 1006 jus-

177 1002 277 1058 Ph.
317 1007 526 1063 Utinam
567 1009 694 1059 istuc
730 1009 934 1060 verbum
970 1026 1029 1058 ex
1066 1010 1238 1059 animo
1273 1025 1333 1058 ac
1367 1008 1480 1056 vere
1514 1007 1589 1058 di-

318 1097 451 1130 ceres
468 1100 480 1142 ;
1400 1078 1588 1145 [derem

173 1148 344 1199 Potius
381 1153 532 1219 quam
569 1162 616 1200 te
655 1150 920 1202 inimicum
963 1150 1208 1201 habeam:
1247 1149 1287 1199 si
1325 1148 1451 1199 istuc
1483 1168 1590 1200 cre-

174 1218 380 1271 Sincere
406 1221 521 1284 dici,
547 1222 740 1290 quidvis
764 1239 960 1289 possem
986 1220 1195 1290 perpeti.
1522 1225 1589 1284 97

176 1289 282 1342 Ρα.
320 1291 572 1356 Labascit,
595 1293 754 1343 victus
780 1311 881 1343 uno
904 1294 1070 1355 verbo,
1097 1294 1249 1360 quam
1276 1292 1376 1342 cito
1398 1290 1406 1341 !

178 1361 227 1414 T
221 1361 271 1414 Ιι.
308 1361 423 1431 Ego
458 1381 560 1415 non
596 1381 658 1414 ex
692 1364 865 1415 animo
899 1364 1077 1415 misera
1111 1363 1251 1414 dico?
1292 1381 1442 1431 quam
1464 1360 1589 1432 joco

172 1433 303 1484 Rern
329 1434 526 1485 voluisti
552 1437 581 1485 a
607 1453 687 1486 me
706 1428 928 1497 tandem,
948 1434 1069 1503 quin
1090 1434 1387 1503 perfeceris?

168 1503 286 1572 Ego
309 1505 574 1574 impetrare
599 1524 793 1575 nequeo
815 1507 914 1557 hoc
934 1508 1020 1556 abs
1037 1515 1104 1569 te,
1126 1504 1336 1556 biduum
1488 1509 1578 1556 101

169 1573 364 1628 Saltem
387 1587 445 1627 ut
468 1577 712 1629 concedas
735 1578 917 1629 solum.
955 1576 1058 1628 Ph.
1084 1575 1332 1645 siquidem
1359 1575 1587 1627 biduum.

167 1644 358 1698 Verum
383 1665 448 1698 ne
471 1647 594 1699 fiant
617 1648 697 1699 isti
722 1648 901 1717 viginti
927 1648 1048 1701 dies.
1293 1647 1383 1716 [hil
1407 1664 1586 1698 moror.

172 1716 268 1770 le.
293 1718 524 1771 Profecto
540 1737 640 1771 non
663 1721 776 1789 plus
799 1720 1030 1783 biduum,
1049 1729 1151 1770 aut.
1209 1718 1313 1771 Ph.
1352 1719 1465 1770 aut?
1505 1717 1584 1768 ni-

173 1787 269 1841 Th.
285 1786 406 1842 Non
419 1789 528 1842 fiet:
550 1791 648 1843 hoc
665 1789 818 1843 modo
834 1791 941 1842 sine
959 1801 1011 1842 te
1029 1807 1246 1843 exorem.
1270 1790 1372 1842 Ph.
1390 1789 1585 1841 scilicet

166 1859 484 1913 Faciundum
509 1872 600 1928 est,
628 1861 763 1932 quod
785 1862 875 1914 viS.
916 1861 1010 1915 Th.
1037 1861 1217 1914 merito
1239 1879 1356 1913 amo
1379 1873 1457 1912 te:
1494 1861 1584 1911 be·

308 1949 374 1984 ne
395 1933 530 1985 facis,
1485 1932 1585 1985 106

166 2001 268 2055 Ph.
304 2002 410 2056 Rus
432 2004 545 2056 ibo:
583 2003 655 2056 ibi
678 2005 776 2057 hoc
800 2022 884 2057 me
907 2006 1175 2057 macerabo
1198 2002 1410 2062 biduum
1430 2023 1442 2054 :

165 2072 243 2125 Ita
266 2074 429 2127 facere
451 2086 644 2127 certum
665 2088 764 2128 est:
801 2095 910 2128 mos
930 2076 1174 2145 gerundu'
1194 2085 1267 2126 est
1288 2074 1489 2127 Thaidi..

163 2144 246 2196 Tu
260 2144 379 2212 hue,
395 2145 659 2211 ParmenO,
676 2149 754 2204 fac
770 2148 845 2199 illi
861 2149 1188 2200 adducantur.
1208 2146 1315 2198 Pa.
1327 2147 1580 2201 maxume·⁴

165 2215 266 2268 Ph.
285 2216 347 2268 In
364 2217 462 2283 hoc
479 2219 690 2281 biduum
706 2219 863 2271 Thais
876 2219 1000 2271 vale.
1027 2219 1120 2273 Th.
1132 2218 1204 2270 mi
1219 2218 1463 2282 Phaedria,
1481 2225 1501 2268 l
1516 2223 1580 2268 10

163 2285 235 2338 Et
257 2297 343 2339 tu:
380 2290 609 2357 nunquid
631 2290 703 2341 vis
727 2290 899 2342 aliud?
939 2291 1045 2348 Ph„
1063 2309 1223 2359 egone
1249 2289 1369 2359 quid
1392 2289 1575 2341 velim?

165 2358 303 2410 Cum
324 2359 485 2411 milite
510 2360 604 2412 isto
626 2360 859 2430 praesens,
882 2363 1056 2414 absens
1075 2373 1132 2413 ut
1149 2362 1272 2413 sies:

161 2427 303 2494 Dies,
330 2443 600 2500 noctesque
625 2450 707 2485 me
725 2451 891 2485 ames:
930 2451 1013 2485 me
1037 2433 1310 2495 desideres3

162 2499 256 2551 Me
279 2501 524 2559 somnies:
563 2521 646 2555 me
670 2515 960 2574 exspectes:
998 2505 1060 2556 de
1079 2522 1162 2557 me
1188 2503 1407 2572 cogites:

161 2569 256 2622 Me
277 2589 471 2641 speres:
509 2591 592 2626 me
609 2583 660 2625 te
683 2576 930 2638 oblectes:
962 2594 1168 2628 mecum
1191 2584 1296 2627 tota
1316 2575 1412 2626 sis:
1478 2579 1575 2626 115

162 2641 314 2694 Meus
351 2644 431 2696 fac
467 2644 531 2696 sis
566 2647 818 2714 postremo
848 2647 1065 2712 animuS,
1103 2647 1304 2717 quando
1336 2663 1432 2715 ego
1464 2663 1577 2697 sum

300 2724 429 2768 tuus,
1389 2715 1580 2786 [fidem,

165 2781 258 2837 Th.
297 2784 391 2838 Me
416 2786 680 2842 miseram!
719 2789 922 2843 forsitan
945 2789 1032 2843 hie
1051 2789 1180 2843 mihi
1198 2807 1377 2860 parum
1396 2787 1580 2840 habeat

2157 154 2215 202 61

1575 302 1579 308 “
1655 293 1873 346 posthabitis
1891 294 1999 332 rebus
2023 294 2133 330 etiam
2161 307 2225 330 ue-

1653 349 1816 385 cessariis
1830 347 2021 384 emendam
2041 348 2190 396 quaesivi
2203 349 2220 382 ?

1652 398 1881 438 Eunuchum
1904 409 2078 451 praeterea
2096 398 2221 437 dxisti

1650 461 1688 490 te
1705 453 1812 499 velle,
1840 453 1926 502 quia
1954 450 2083 488 horum
2113 456 2222 502 oper-ii

1650 507 1786 556 reginae
1802 506 1889 542 solae
1913 514 2089 542 utuntur:
2119 517 2222 541 corn-

1649 559 1777 608 paravi.
1844 556 1939 596 Heri
1978 558 2107 607 viginti
2153 559 2221 594 mi-

1650 624 1712 648 nas
1727 610 1990 662 proamborum
2007 611 2126 662 pretio
2138 624 2221 660 pei·-

1648 663 1749 701 soivi.
1801 662 1942 700 Tamen
1967 663 2054 700 iicet
2076 672 2221 713 spretus

1647 717 1668 753 a
1694 725 1747 761 te,
1779 715 1859 754 haec
1885 716 1956 763 ῐίῑῂ
1982 725 2084 768 guita
2111 725 2154 753 ut
2181 730 2221 754 e-

1647 781 1784 806 merem
1816 770 1855 806 iu
1886 769 2064 807 memoria
2091 767 2220 806 habui.

1646 819 1716 858 Pro
1748 820 1805 859 his
1838 822 1878 859 in
1910 831 1947 858 te
1978 822 2119 859 meritis
2154 823 2218 860 de-

1644 883 1790 924 spectus
1808 888 1888 911 sum
1907 875 1988 912 tibi.
2017 876 2082 912 le.
2100 873 2218 916 Quae-

1645 939 1728 964 narn
1757 935 1844 964 sunt
1874 929 1958 972 ista,
1991 941 2075 978 quae
2110 927 2217 977 dicis,

1642 977 1835 1017 Phaedria?
1907 979 2086 1023 Quamvis
2120 979 2217 1021 hanc

1643 1030 1870 1083 Pamphilam
1915 1034 2026 1085 cupio
2075 1033 2120 1071 ab
2153 1035 2219 1073 illo

1644 1085 1765 1122 milite
1796 1087 1971 1136 recipere,
2003 1096 2112 1137 atque
2146 1086 2215 1126 hac

1644 1139 1798 1184 ratione,
1826 1140 1856 1174 si
1884 1148 1924 1176 tu
1953 1139 2129 1176 concedas
2157 1141 2214 1178 bi-

1643 1190 1756 1228 duum
1786 1191 1910 1237 militi,
1939 1204 2070 1229 censeo
2091 1193 2127 1230 id
2146 1207 2212 1243 po-

1644 1244 1827 1282 tiss‘nnmn
1857 1245 1933 1280 fieri
1961 1258 2088 1294 posse:
2118 1255 2212 1283 atta-

1642 1310 1740 1342 men,
1769 1297 1890 1347 potius
1919 1297 2028 1347 quam
2053 1298 2214 1336 inimici-

1639 1351 1726 1386 tiam
1760 1361 1862 1386 tuam
1897 1351 2108 1400 suscipiam,
2146 1352 2212 1388 ob-

1639 1415 1768 1452 sequar
1795 1403 2076 1452 quibuscunque
2097 1404 2211 1452 jussis

1639 1456 1726 1492 tuis.
1781 1454 1849 1493 ΡΙι.
1866 1454 2019 1492 Utinam
2036 1469 2079 1492 ex
2095 1458 2210 1494 animi

1637 1509 1835 1554 sententia,
1876 1517 1915 1545 et
1944 1509 2091 1548 sincere·
2127 1523 2210 1559 pro-

1640 1561 1830 1598 nunciares
1858 1561 1927 1598 ista
1942 1561 2051 1598 verba
2072 1562 2212 1612 (potius

1639 1613 1750 1663 quam
1768 1623 1869 1651 tuam
1897 1614 2128 1652 inimicitiam
2148 1629 2212 1652 su-

1639 1666 1807 1716 scipiam)
1825 1681 1832 1704 :
1855 1667 1884 1704 si
1905 1667 2004 1704 istud
2024 1667 2209 1706 crederem

1636 1721 1719 1757 vere
1735 1719 1757 1756 a
1774 1729 1811 1756 te
1829 1720 1916 1764 dici,
1933 1718 2026 1757 nihil
2041 1716 2115 1757 tain
2131 1734 2212 1758 mo-

1635 1771 1770 1810 lestum
1784 1781 1851 1819 est,
1863 1772 1963 1824 quod
1978 1785 2054 1811 non
2064 1786 2210 1824 possem

1635 1823 1808 1876 perferre.
1834 1826 1905 1864 Pa.
1933 1823 2057 1863 Nutat
2074 1828 2214 1864 corrui-

1636 1889 1754 1925 turuS,
1770 1891 1856 1917 ¹uno
1878 1878 1991 1916 verbo
2012 1879 2209 1930 impulsus,

1636 1931 1751 1970 illico.
1786 1931 1853 1970 ΤῘι.
1871 1929 1942 1970 Me
1954 1932 2144 1970 miseram!
2161 1946 2208 1970 an

1637 1997 1714 2022 non
1741 1997 1812 2037 ego
1838 1982 1912 2024 hoc
1933 1985 2107 2023 exanimi
2125 1997 2210 2022 sen-

1637 2037 1769 2084 tentia,
1787 2047 1826 2075 et
1838 2037 1933 2076 serio
1946 2037 2058 2075 dico?
2079 2036 2206 2080 Quam

1632 2102 1727 2137 rem,
1752 2091 1863 2128 etiam
1889 2103 1955 2142 per
1965 2090 2094 2140 jocum
2111 2091 2207 2129 indi-

1633 2142 1725 2181 casti
1761 2152 1800 2181 te
1833 2144 1857 2182 a
1887 2157 1947 2182 me
1976 2143 2084 2190 velle,
2112 2146 2204 2194 quin

1632 2196 1780 2234 tandem
1834 2196 2064 2235 obtinueris?
2120 2195 2206 2249 Ego

1630 2250 1717 2286 vero
1742 2262 1819 2287 non
1835 2263 1983 2301 possum
2002 2249 2066 2287 abs
2083 2259 2120 2286 te
2135 2250 2207 2288 ime

1629 2311 1789 2353 petrare,
1814 2311 1858 2341 ut
1873 2302 2002 2340 saltem
2026 2302 2117 2340 duos
2145 2317 2205 2341 so-
2263 2343 2266 2347 ,

1629 2354 1708 2394 lum
1726 2355 1818 2402 dies,
1836 2368 1928 2407 quos
1945 2364 2046 2406 peto,
2069 2367 2202 2393 conce-

1630 2407 1692 2445 das
1722 2406 1830 2446 mihi.
1883 2409 1954 2446 ΡΙι.
1982 2405 2204 2459 Siquidem

1628 2461 1703 2499 duo
1728 2461 1806 2499 dies
1833 2462 1909 2499 sint
1934 2462 2077 2498 tantum
2100 2461 2205 2514 (con-

1628 2513 1754 2564 cedo),
1780 2513 1980 2552 dummodo
2005 2514 2138 2564 viginti
2158 2526 2204 2552 ex

1629 2566 1773 2605 duobus
1786 2567 1980 2608 nonfiaut.
2021 2566 2086 2604 Th.
2105 2564 2203 2604 Sane

1631 2633 1705 2657 non
1718 2619 1877 2670 amplius
1895 2620 2005 2670 quam
2018 2619 2093 2657 duo
2110 2619 2204 2666 dics,

1631 2682 1709 2711 aut.
1733 2672 1803 2711 Ph.
1818 2673 1924 2710 Aut?
1953 2670 2071 2724 Perge
2083 2671 2202 2723 loqui,

1632 2725 1701 2763 tibi
1719 2738 1858 2764 moram
1882 2738 1956 2763 non
1973 2723 2080 2763 facio.
2135 2726 2202 2763 Th.

1632 2776 1724 2816 Non
1742 2778 1806 2815 fiet
1818 2777 1924 2824 illud,
1938 2779 2038 2829 quod
2054 2779 2202 2824 vereris,

1631 2840 1674 2869 ut
1703 2830 1826 2882 plures
1856 2831 1934 2868 dies
1967 2832 2162 2883 recipiatur
2179 2833 2202 2869 a

158 2897 218 2924 me
234 2883 398 2926 Thraso:
428 2888 464 2926 id
477 2889 598 2928 solam
623 2889 778 2927 biduum
795 2889 895 2940 quod
910 2899 1013 2941 peto,
1035 2891 1209 2942 permitte
1226 2902 1287 2928 me
1300 2890 1322 2928 a
1338 2898 1377 2927 te
1394 2889 1604 2939 impetrare.
1657 2884 1727 2922 Ph.
1754 2882 1945 2922 Nimirum
1960 2884 2058 2934 quod
2082 2886 2200 2935 cupis,

157 2950 220 2976 me
234 2937 354 2979 ficere
364 2951 520 2992 oportet.
551 2942 616 2980 Th.
627 2939 769 2980 Merito
781 2956 865 2981 amo
875 2951 934 2981 te:
956 2956 1104 2997 aequum
1119 2942 1221 2980 facis.
1247 2942 1318 2980 Ph.
1338 2939 1384 2979 In
1398 2940 1518 2978 villam
1530 2936 1749 2978 concedam:
1770 2936 1822 2974 ibi
1835 2949 1901 2988 per
1919 2935 1985 2974 hos
2004 2936 2094 2974 duos
2109 2935 2201 2982 dies,

157 3002 315 3039 mem-,ore
342 3006 403 3032 me
425 2994 470 3032 ad
494 2995 647 3039 maciem
669 3008 787 3045 usque
814 2995 1028 3034 conficiam:
1057 2997 1110 3033 sic
1137 2994 1232 3033 mihi
1258 3007 1335 3047 prae
1362 2994 1473 3031 taedio
1491 2991 1609 3030 facere
1634 2989 1874 3027 deliberatum
1901 2997 1980 3026 est:
2017 2988 2198 3039 siquidem

163 3045 384 3097 morigerum
403 3058 463 3084 me
477 3046 707 3087 esse‘Thardi
722 3059 870 3085 necesse
889 3057 957 3086 est.
1010 3047 1085 3094 Tu,
1099 3046 1293 3093 Parmeno,
1306 3059 1406 3093 cura,
1419 3055 1463 3084 ut
1480 3045 1550 3092 illi,
1565 3040 1758 3083 eunuchus
1771 3051 1809 3080 et
1823 3041 1994 3080 ancillula
2012 3039 2199 3092 AEthiops,

157 3094 342 3135 tradantur
353 3096 500 3138 Thaidi.
527 3101 596 3139 Pa.
616 3098 679 3138 Sic
694 3101 770 3139 fiet.
799 3101 869 3139 Ph.
889 3098 935 3139 In
951 3098 1021 3139 hos
1034 3102 1127 3140 duos
1144 3101 1221 3139 dies
1233 3100 1312 3138 vale
1323 3098 1449 3139 Thais.
1477 3098 1543 3135 Th.
1560 3095 1621 3135 Mi
1634 3092 1815 3141 Phaedria,
1831 3104 1867 3132 et
1883 3104 1923 3132 tu
1936 3107 2084 3145 quoque
2100 3094 2195 3131 vale:

157 3149 394 3203 nunquid'vis
409 3151 540 3191 aliud?
594 3153 664 3192 Pk.
683 3150 824 3205 ‘Egone
841 3153 930 3206 quid
946 3154 1046 3193 aliud
1063 3154 1203 3192 velim?
1234 3150 1321 3191 Nisi
1347 3161 1392 3190 ut
1417 3164 1503 3190 cum
1531 3149 1650 3188 milite
1677 3148 1749 3185 isto
1775 3160 1935 3199 praesens
1963 3147 2011 3183 sis
2029 3159 2197 3197 corpore,

155 3198 286 3239 absens
299 3204 444 3242 animo:
464 3205 556 3252 dies,
571 3218 771 3257 noctesque
785 3220 883 3244 ames
899 3219 979 3245 me:
1008 3221 1068 3245 mc
1083 3205 1262 3245 desideres
1280 3220 1288 3243 :
1318 3218 1377 3243 me
1395 3203 1576 3242 somnies:
1596 3215 1656 3241 me
1670 3208 1861 3251 exspectes
1876 3214 1884 3237 t
1905 3199 1950 3238 de
1963 3213 2021 3237 me
2035 3200 2194 3249 cogites:

156 3263 217 3289 me
234 3266 378 3305 speres:
399 3269 460 3295 me
475 3266 514 3295 te
531 3257 694 3296 oblectes
709 3272 718 3296 z
738 3271 884 3297 mecum
902 3269 981 3298 tota
998 3260 1046 3297 sis
1068 3257 1245 3311 (animo):
1266 3271 1347 3295 mea
1365 3256 1420 3296 fac
1439 3259 1488 3295 sis
1506 3254 1695 3308 postremi>
1710 3254 1842 3299 anima,
1864 3251 2010 3304 quando
2028 3265 2098 3304 ego
2114 3265 2195 3291 sum

156 3312 231 3342 tun.
286 3305 357 3345 Th.
381 3305 451 3347 Me
468 3311 658 3350 miseram!
688 3310 783 3350 forte
796 3308 969 3351 Phaedria
983 3326 1113 3364 parum
1131 3309 1226 3355 mihi
1245 3310 1345 3358 fidit,

1015 3510 1346 3551 ANNOTATIO.

205 3630 254 3664 88
285 3622 383 3663 Quia
400 3625 487 3663 solae
501 3625 556 3664 his
577 3632 729 3667 utuntur
746 3626 910 3678 regifica]
952 3626 1146 3668 Effluchis
1200 3626 1401 3667 Pharaonis
1431 3624 1502 3679 Αἴξ,
1554 3628 1581 3666 ti
1616 3628 1729 3679 regis,
1765 3637 1803 3666 et
1834 3625 1900 3666 ille
1927 3626 2112 3666 candaces
2142 3641 2198 3665 re·

149 3685 304 3729 magnus
331 3678 430 3729 apud
459 3692 563 3731 reges
595 3689 632 3718 et
662 3679 789 3719 divites
821 3679 940 3719 honos
970 3680 1063 3719 suit':
1104 3691 1147 3719 ut
1199 3683 1309 3730 ginae,
1340 3680 1385 3718 de
1404 3694 1478 3718 (uo

1545 3707 1554 3717 .
1582 3677 1703 3718 Lucas
1723 3681 1764 3719 in
1782 3679 1886 3721 Actis
1909 3679 2195 3733 Apostolorum5

149 3722 296 3779 Bagoas
328 3730 526 3770 Alexandri
561 3729 693 3784 Magni
731 3731 935 3780 eunuchus,
967 3730 1147 3785 putiphar
1200 3727 1339 3771 etlibri
1359 3742 1396 3771 4.
1447 3746 1574 3785 egum,
1593 3745 1672 3785 cap.
1687 3733 1762 3774 viii.
