2314 3944
30 3528 39 3556 Ι

149 116 251 166 130

143 254 260 307 Apud
275 253 390 293 alium
416 254 496 306 ejus
523 255 720 294 auctoritas

144 309 354 347 interdiciti
395 309 494 360 apud
521 309 635 346 alium
661 319 722 345 me

147 361 263 414 pudet
301 362 414 413 ipsius
450 361 552 406 facti,
589 373 637 398 ne
669 360 723 398 vi-

474 109 534 164 P.
568 103 917 164 TERENTH
953 103 1886 184 HEAUTONTPMORUMENOS.

772 250 927 321 Apud
951 249 1116 304 alium
1132 223 1371 322 prohibet
1393 253 1642 325 dignitas:
1681 257 1818 330 apud
1850 259 2010 314 alium
2048 257 2213 333 ipsioe

915 322 1036 375 facti
1060 324 1234 393 pudet,
2137 339 2206 387 15

146 415 235 453 dear
269 414 428 452 insulsus
454 423 494 452 et
529 413 719 465 petulanst
772 393 856 446 Ne
892 393 1110 464 inethS,
1147 414 1212 447 ne
1245 407 1500 466 protervos
1532 397 1736 456 videar:
1774 403 1912 474 quod
1943 402 2092 458 illum
2129 406 2212 459 fa-

147 466 250 518 quod
276 467 383 505 crede
406 467 460 504 illi
482 465 616 503 Cliniae
629 465 727 504 acci-

149 520 251 568 dere,
269 533 404 571 nempe
422 533 509 557 eum
529 519 660 556 timere
676 532 725 556 ne

143 583 237 611 ante
274 583 310 610 te
342 572 507 610 videatur
536 579 726 623 protervus

149 636 191 664 et
222 626 387 664 lascivus.
442 623 518 662 Sed
548 624 725 662 debemus

147 680 242 716 scire
266 677 516 716 obsecundare
544 687 582 715 et
610 679 726 715 inser-

145 732 223 770 vire
242 731 444 769 commodis
464 731 619 768 aliorum
635 744 726 782 qua-

147 785 395 835 litercumque
427 792 464 821 et
491 796 726 835 quocumque

150 838 191 876 in
220 837 304 875 loco
332 849 524 875 necessum
543 838 604 874 sit.
657 837 727 888 Sy.

149 890 319 928 Audisne
351 890 440 940 quid
466 898 586 928 narrat
610 888 729 928 Chre-

150 957 230 982 mes
250 944 378 994 pater?
417 942 477 981 Cl.
488 942 631 981 Occidi.
658 943 729 995 Sy.

151 995 337 1048 Clitipho,
361 996 456 1034 sicut
473 997 553 1046 jam
580 995 652 1036 feci
681 1010 727 1034 ex

151 1049 273 1087 officio
291 1050 386 1088 servi
412 1049 519 1101 probi
546 1058 585 1089 et
611 1049 728 1096 utilis,

150 1111 190 1140 te
207 1103 404 1149 admoneo,
420 1111 464 1140 ut
481 1103 642 1141 discedas
661 1102 729 1140 ali-

148 1156 241 1203 quo,
279 1164 322 1193 ut
346 1156 461 1206 jussit
496 1164 610 1207 pater.
668 1155 728 1195 Cl.

93 1203 100 1252 J
152 1206 246 1253 Sile,
283 1208 447 1246 obsecro.
510 1209 579 1260 Sy.
612 1207 729 1247 Recte

152 1260 320 1313 profecto
338 1275 398 1299 me
410 1270 530 1299 tacere
543 1275 608 1299 vis.
656 1261 728 1300 Ch.

153 1312 191 1352 Ο
205 1312 310 1364 Syre,
324 1315 440 1366 pudet
450 1327 522 1352 me.
549 1315 619 1366 Sy.
638 1314 729 1352 Non

152 1367 286 1406 dubito
297 1375 335 1405 te
350 1368 501 1419 pudere,
515 1381 583 1405 nec
598 1369 730 1406 imme-

152 1421 250 1459 rito:
280 1422 371 1471 quin
404 1422 514 1458 etiam
548 1434 633 1473 ego,
664 1421 729 1472 qui

153 1482 259 1525 pater
275 1486 351 1511 non
376 1487 474 1520 sum,
495 1473 534 1511 id
559 1475 655 1526 aegre
675 1473 731 1511 fe-

154 1539 210 1569 ro.
280 1526 340 1565 Gl.
372 1525 631 1565 Perseverasne
669 1527 732 1564 ad-

155 1580 282 1617 versus
306 1593 367 1617 me
386 1579 517 1630 loqui?
573 1580 643 1632 Sy.
661 1578 733 1618 Per

154 1629 359 1673 Herculem
373 1633 456 1671 dico
473 1633 572 1684 quod
590 1633 734 1671 videtur

152 1683 248 1727 mihi
276 1698 401 1723 verum
431 1699 524 1724 esse.
582 1686 642 1726 GC.
669 1686 730 1725 An

156 1738 326 1776 nonlicet
335 1740 506 1777 accedere
516 1739 562 1778 ad
573 1738 735 1778 Cliniam

153 1800 193 1828 et
224 1789 478 1831 Bacchidem?
552 1792 622 1831 Ch.
650 1791 735 1830 Una

155 1845 248 1881 ratio
265 1843 420 1884 honesta
441 1855 497 1884 est
514 1846 560 1884 ad
582 1858 645 1883 eos
670 1859 735 1897 ap-

155 1898 445 1948 propinquandi,
493 1901 658 1950 proterve
695 1908 734 1937 et

158 1949 291 1988 lascive
310 1959 348 1988 te
365 1951 578 1990 immiscens
607 1965 733 1990 eorum

156 2003 385 2044 amoribus..
412 2004 482 2056 Sy.
510 2004 650 2043 Actum
679 2015 735 2043 est

157 2056 204 2093 de
222 2057 374 2108 incepto
394 2071 489 2094 meo.
535 2056 610 2095 Hic
626 2056 736 2097 Cliti-

156 2107 236 2161 pho
260 2124 300 2147 se
324 2110 517 2158 indicabit,
538 2123 735 2162 antequam

159 2162 269 2206 elicio
299 2165 495 2214 pecuniam
527 2177 638 2215 quam
673 2164 736 2202 det

157 2218 356 2253 meretrici.
394 2215 430 2253 Ο
445 2215 621 2264 Chreme,
635 2218 735 2255 visne

159 2277 203 2306 tu
218 2267 311 2306 mihi
326 2268 470 2307 homini
484 2269 684 2308 hebetioris
699 2279 735 2309 et

157 2323 339 2360 crassioris
380 2323 519 2374 ingenii
560 2324 733 2361 credere?

163 2373 234 2412 Ch.
262 2373 367 2418 Quid
385 2376 517 2427 agam?
571 2377 641 2428 Sy.
667 2375 738 2414 Ju-

158 2426 208 2469 be
240 2426 497 2480 Clitiphonem
545 2428 738 2467 abscedere

158 2478 248 2530 hinc
264 2481 348 2519 alio.
407 2481 466 2521 Cl.
494 2480 540 2520 In
558 2496 669 2532 quem
685 2483 740 2520 lo-

159 2533 246 2572 cum
261 2534 480 2574 abscedam?
535 2536 605 2587 Sy.
633 2535 740 2578 Quo-

158 2589 234 2636 quo
276 2588 388 2626 voles.
441 2587 542 2627 Cede
586 2590 739 2642 paulum

158 2638 296 2677 Cliniae
326 2653 363 2691 et
403 2639 593 2680 Bacchidi.
662 2642 739 2680 Abi

160 2695 375 2743 spatiatum.
417 2694 476 2741 Csp.
496 2694 736 2746 Spatiatum?

163 2745 283 2788 Quo?
364 2747 434 2799 Sy.
479 2747 586 2787 Vah!
634 2749 738 2799 quasi

164 2798 289 2837 nullus
305 2801 350 2837 sit
366 2800 466 2838 locus
481 2801 543 2838 ubi
559 2803 739 2853 spatieris.

162 2850 274 2889 Certe
293 2853 351 2890 abi
372 2867 437 2904 per
456 2855 563 2893 istam
582 2864 739 2906 partem,

163 2905 289 2942 versus
315 2908 437 2952 istam,
463 2907 501 2944 in
522 2907 740 2958 quamlibet.

165 2957 238 2996 Ch.
267 2957 380 3010 Syrus
410 2961 507 2996 recte.
537 2961 648 2998 dicit:
688 2961 740 2997 sic

161 3011 316 3049 arbitror
328 3025 406 3050 esse
426 3012 646 3051 faciendum.
679 3013 741 3050 Cl.

166 3063 204 3100 O
234 3062 339 3115 Syre,
369 3065 421 3102 dii
453 3075 490 3102 te
522 3067 742 3117 exstirpent,

166 3118 233 3165 qui
266 3131 325 3155 me
358 3119 466 3155 istinc
493 3118 608 3168 ejicis.
672 3119 742 3170 Sy.

167 3167 240 3206 Sed
260 3184 325 3221 per
351 3169 556 3218 Pollucem,
580 3182 622 3210 tu
642 3171 746 3209 cohi—

921 483 1035 518 cere
1059 467 1263 520 credit0.

778 537 881 590 Sed
917 546 1143 598 nostrum
1180 549 1257 592 est
1290 538 1590 610 intelligere,
1624 551 1883 622 utcunque
1917 557 2067 618 atque
2091 546 2210 600 ubi·

919 627 1119 680 cunque
1143 629 1272 681 opus
1295 611 1375 675 sit,
1395 613 1623 682 obsequi.
1718 621 1729 626 “’

782 680 873 753 89.
899 680 1039 737 Quid
1057 682 1168 734 istic
1189 683 1383 735 narrat?
1427 683 1504 736 Cl.
1529 684 1676 754 perii.
1715 685 1804 759 Sy.
1831 688 2081 760 Clitipho,
2094 690 2209 744 haec

922 770 1017 821 ego
1040 753 1281 824 pr'aecipio
1303 753 1415 819 tibi,

782 823 1025 875 Hominis
1048 825 1181 894 frugi
1200 836 1252 879 et
1269 825 1594 895 temperantis
1617 827 1821 881 functus
1843 829 2086 885 officium.
2133 832 2214 886 Cl.

922 905 1052 960 tace,

782 964 955 1018 SodeS.
981 965 1069 1039 89.
1086 968 1219 1018 recte
1235 969 1369 1020 sane.
1408 966 1500 1021 Ch.
1521 970 1659 1040 Syre,
1678 971 1833 1042 pudet
1849 991 1950 1026 me.
1990 972 2082 1048 Sy.
2102 991 2211 1027 cre-

923 1038 1013 1090 do:
1053 1055 1216 1108 neque
1241 1038 1293 1090 id
1318 1037 1526 1109 injuria:
2137 1051 2212 1098 20

781 1107 924 1164 Quin
949 1108 1077 1160 mihi
1100 1112 1367 1174 molestum
1393 1122 1481 1164 est.
1545 1110 1619 1167 Cl.
1646 1115 1876 1184 pergin'?
1924 1116 2012 1189 89.
2042 1116 2213 1170 hercle

922 1198 1096 1232 verum
1122 1180 1253 1246 dico,
1273 1183 1409 1251 quod
1432 1183 1646 1239 videtur.
2118 1227 2122 1230 -

787 1248 864 1304 Cl.
900 1251 1087 1303 Nonne
1110 1253 1348 1305 accedam
1373 1254 1436 1305 ad
1466 1254 1612 1308 illos?
1656 1254 1750 1310 Ch.
1780 1257 1878 1310 eho
1902 1276 2088 1328 quaeso,
2111 1257 2213 1311 u'na

923 1323 1199 1375 accedendi
1222 1324 1303 1376 via
1326 1326 1434 1376 est?

784 1392 873 1466 Sy.
904 1391 1100 1446 'Actum
1135 1405 1242 1447 est:
1280 1396 1365 1448 hic
1398 1396 1536 1467 prius
1564 1417 1618 1450 se
1652 1395 1908 1466 indicarit,
1939 1402 2092 1472 quam
2117 1418 2214 1471 ego

786 1466 1451 1601 chreanssifssssfflfffiffifflfi
1474 1541 1628 1591 ..uuo
1651 1511 1782 1592 unffi
1806 1545 2122 1617 auscultare?

790 1606 882 1660 Ch.
907 1608 1046 1664 Quid
1069 1608 1288 1661 faciam?
1330 1611 1419 1683 89.
1437 1609 1562 1682 jube
1586 1612 1726 1663 hunc
1843 1635 1845 1637 ¹
2141 1619 2210 1668 25

785 1680 938 1731 Abire
964 1680 1085 1731 hinc
1109 1680 1291 1750 aliquo.
1358 1681 1439 1735 Cl.
1464 1683 1564 1752 quo
1582 1701 1677 1752 ego
1695 1683 1818 1735 hinc
1843 1685 2058 1739 abeam?
2121 1686 2214 1760 89.

928 1752 1061 1820 quo?
1101 1753 1200 1821 quo
1225 1753 1383 1816 libet;
1423 1755 1486 1806 da
1511 1753 1610 1805 illis
1635 1757 1832 1807 locum:

786 1822 889 1875 Abi
911 1823 1307 1877 deambulatum.
1385 1823 1462 1877 Cl.
1491 1825 1886 1893 deambulatum,
1912 1829 2047 1898 quo?
2122 1827 2214 1901 89.

927 1893 1042 1959 vah,
1066 1895 1205 1964 quasi
1230 1895 1357 1948 desit
1381 1899 1538 1948 loeuS.

786 1965 888 2017 Abi
910 1967 1027 2016 sane
1052 1964 1193 2032 istac,
1217 1966 1467 2033 istorsum,
1497 1967 1690 2038 quovis,

932 2054 1131 2089 censeO.

794 2106 876 2162 Cl.
914 2107 990 2159 Di
1024 2118 1075 2160 te
1108 2107 1378 2175 eradicent,
1415 2109 1559 2180 Syre,
1581 2110 1669 2181 qui
1701 2129 1784 2163 me
1818 2111 1942 2164 hinc
1965 2112 2213 2166 extrudaS.

933 2178 1021 2251 Sy.
1046 2190 1098 2230 at
1118 2192 1175 2231 tu
1199 2183 1285 2248 pol
1311 2181 1402 2234 tibi
2042 2195 2053 2210 ²

1768 1966 1858 2023 Ch.
1898 1972 2032 2022 recte
2057 1970 2211 2025 dicit:

788 2249 1003 2303 Posthac
1028 2252 1349 2320 comprimito
1373 2253 1486 2304 istas
1512 2271 1707 2306 manuS.
2094 2258 2096 2261 ’
2145 2260 2224 2308 30

791 2322 1004 2445 Censegil'
1036 2324 1189 2374 vero?
1230 2323 1351 2393 quid
1387 2325 1533 2378 illum
1569 2326 1716 2395 porro
1752 2324 1911 2378 credis
1946 2326 2219 2392 facturum,

995 2412 1171 2459 ireme,

789 2464 904 2516 Nisi
926 2483 1062 2530 eum,
1098 2476 1342 2535 quantum
1371 2467 1422 2520 di
1446 2466 1569 2519 dant
1600 2469 1708 2539 opis
1731 2468 1843 2535 tibi,
1866 2486 2044 2535 servaS,
2068 2469 2218 2522 casti-

931 2554 1036 2604 gaS,
1059 2538 1270 2590 mones?

797 2605 892 2661 Ch.
918 2608 1034 2676 Ego
1058 2607 1185 2661 istuc
1216 2611 1415 2663 curabo,

933 2680 1027 2731 tibi
1052 2682 1372 2733 asservandus
1396 2692 1485 2736 est.
2232 2732 2235 2735 .

798 2747 894 2804 Ch.
916 2750 1044 2802 Fiet.
1063 2751 1151 2823 Sy.
1170 2753 1210 2803 si
1226 2753 1415 2822 sapias:
1437 2771 1557 2807 nam
1578 2751 1825 2823 mihijam
1845 2751 2005 2804 minii'
2024 2751 2217 2804 minus-

936 2840 1032 2892 que
1057 2826 1385 2894 obtemperat.
1960 2840 1962 2842 ’

799 2891 892 2945 Ch.
931 2893 1072 2949 Quid
1105 2896 1196 2946 tu?
1243 2895 1425 2965 ecquid
1449 2896 1511 2948 de
1536 2896 1641 2961 illo,
1669 2895 1804 2966 quod
1829 2895 2021 2947 dudum
2045 2901 2218 2945 tecum

937 2965 1035 3032 egi,
1061 2966 1222 3034 egisti,
1247 2967 1402 3036 Syre?
1441 2977 1527 3019 aut
2149 2969 2219 3016 35

795 3035 1042 3105 Reperisti
1067 3038 1200 3105 quod
1223 3039 1435 3107 placeat,
1468 3058 1533 3091 an
1558 3037 1784 3090 nondum
1809 3034 1989 3088 etiam?
2034 3035 2126 3109 89.
2156 3035 2218 3087 de

939 3109 1144 3161 fallaci&

1490 2610 1579 2684 Sy.
1618 2612 1755 2682 atqui
1791 2630 1945 2677 nunc,
1969 2611 2106 2675 here,
2129 2610 2216 2662 hic

165 3222 256 3260 beto
274 3224 427 3274 posthac
446 3226 530 3262 istas
549 3239 679 3263 manus
697 3235 792 3272 tuas,
812 3238 879 3263 nec
898 3239 958 3263 eas
977 3226 1113 3264 inseras
1131 3228 1171 3265 in
1189 3229 1311 3265 sinum
1325 3226 1556 3265 mulieribus.
1610 3225 1799 3264 Censesne
1818 3225 1918 3273 verb,
1936 3223 2110 3271 Chreme,
2129 3223 2219 3276 quid

164 3276 217 3313 sit
233 3278 439 3327 agendum?
470 3276 573 3321 Quid
591 3284 697 3330 putas
716 3279 821 3316 illum
844 3279 963 3316 filium
987 3277 1170 3318 factm-um
1194 3294 1289 3327 esse,
1307 3280 1375 3317 nisi
1396 3281 1564 3331 castigas,
1582 3279 1765 3325 observas,
1784 3280 1960 3317 admones
1979 3291 2081 3325 eum,
2099 3290 2218 3328 quan-

164 3331 456 3380 tumpotcstatis
477 3332 525 3368 dii
548 3332 618 3369 tibi
637 3331 751 3370 dant?
811 3331 883 3370 Ch.
911 3330 994 3382 Ego
1013 3335 1114 3370 omui
1133 3333 1256 3371 studio
1282 3333 1379 3370 istud
1407 3332 1549 3370 faciam.
1602 3332 1671 3384 Sy.
1700 3333 1812 3370 Certe
1832 3344 1930 3369 nunc
1956 3331 2052 3369 filius
2072 3340 2129 3368 est
2145 3329 2214 3367 tibi

164 3382 439 3420 custodiendus.
498 3384 569 3423 Ch.
596 3383 654 3422 Ita
673 3384 749 3422 fiet.
801 3385 871 3436 Sy.
901 3382 942 3422 Si
961 3386 1145 3436 sapienter
1160 3399 1261 3437 agas,
1281 3384 1351 3422 hoc
1369 3384 1503 3424 facies:
1533 3399 1619 3423 nam
1635 3387 1714 3435 jam
1734 3386 1856 3423 minus
1884 3385 2084 3434 minusque
2099 3382 2219 3432 sequi·

168 3443 228 3470 tur
248 3448 328 3471 mea
352 3437 515 3475 consilia.
574 3438 644 3477 Ch.
673 3435 778 3480 Quid
804 3448 845 3475 tu
874 3436 1022 3475 fecisti?
1054 3436 1171 3486 Num?
1182 3439 1324 3489 aliquid
1351 3439 1458 3489 egisti
1479 3439 1523 3476 de
1552 3439 1615 3476 illa
1633 3452 1671 3476 re
1689 3439 1734 3476 de
1756 3438 1830 3489 qua

1873 3437 1959 3474 aulo
1976 3436 2061 3475 ante
2077 3445 2114 3473 te
2133 3447 2221 3472 con-

167 3487 249 3522 veui
264 3488 278 3523 ἓ
309 3499 370 3525 aut
391 3490 578 3538 invenisti,
593 3491 692 3541 quod
708 3491 777 3528 tibi
793 3499 935 3542 gratum
955 3490 1031 3529 sit?
1056 3482 1287 3530 ‘suffiondum
1301 3492 1440 3530 etiam?
1496 3491 1567 3544 Sy.
1586 3490 1766 3543 Loqueris
1783 3492 1828 3530 de
1846 3451 1984 3529 {abrica
1997 3489 2078 3527 seni
2098 3487 2221 3525 inten-

171 3538 314 3576 detulit?
