2314 3944
731 132 962 189 Acrus
999 130 1097 185 111.
1143 86 1417 184 'scENAX
1440 125 1540 197 111,

112 268 356 346 Pretium,
408 297 577 350 neque
614 295 722 331 rem
761 278 930 330 ullam·
959 273 1291 329 intercessisse
1328 270 1418 325 illa
1451 277 1568 322 aut.

192 398 209 413 ,
257 351 653 419 meindignam3
687 351 931 419 experiar,
958 348 1108 399 Geta.

118 425 212 478 Ge.
248 423 386 480 Quid
410 422 553 474 istic?
593 422 795 484 accede,
831 431 888 471 ut
919 419 1100 474 melius
1125 416 1275 468 dicas·

183 557 188 565 Ι
256 495 501 564 quanti1m
528 504 685 562 potes,
709 493 808 556 abi,

111 565 282 635 Atque
307 565 535 633 Hegioni
563 574 779 632 cognato
802 561 951 632 hujus
975 578 1085 613 rem
1109 575 1317 613 omnem
1341 566 1539 610 narrato

255 637 460 689 ordine:

113 705 264 769 Nam*
288 707 329 759 is
366 718 532 760 nostro
570 703 768 759 Simulo
791 704 888 757 fuit
910 717 1156 767 summm,
1180 709 1232 752 et
1255 718 1346 753 nos
1383 698 1540 753 coluit

255 781 510 831 maxume.

115 849 211 902 Ge.
236 849 373 902 Nam
397 851 568 903 hercle
586 850 712 902 alius
730 866 883 901 nemo
905 845 1108 917 respicit
1132 862 1238 898 nos,
1313 843 1402 896 Sc.
1422 861 1539 913 pro-

257 939 379 990 pera
401 933 473 986 tu,
498 940 614 974 mea
633 920 898 986 Canthara,
1467 919 1535 966 55

114 991 290 1058 Curre,
318 993 638 1045 obstetricem
666 1009 879 1055 accerse,
900 999 975 1055 ut,
999 989 1118 1042 cum
1143 1006 1267 1058 opus
1290 986 1370 1052 sit,
1395 994 1460 1039 ne
1483 985 1539 1038 in

259 1067 401 1117 mora
422 1064 564 1116 nobis
588 1064 701 1116 siet.

1353 413 1443 467 So,
1480 423 1538 464 tu

2063 127 2158 192 171

1592 280 1713 321 neque
1725 266 1838 306 ullam
1852 278 1931 306 rem
1946 268 2166 309 intervenis-

1591 329 1646 368 se,
1673 335 1758 373 quae
1775 320 1893 367 illam,
1917 329 1982 358 aut
2009 335 2070 360 me
2089 337 2164 364 non

1591 375 1738 420 deceat3
1754 373 1876 419 Geta,
1887 373 2164 426 judicioagam.

1595 427 1665 466 Ge.
1693 426 1798 471 Quid
1827 426 1929 464 istud
1958 429 2044 464 est?
2075 429 2167 478 quid

1590 481 1660 519 tibi
1687 480 1882 518 resistam?
1921 481 2054 518 accedo
2089 490 2166 519 tuae

1591 534 1802 580 sententiae,
1835 541 1878 570 ut
1908 545 1991 583 quoe
2034 533 2166 572 melius

1590 586 1702 636 quam
1721 598 1791 637 ego
1807 585 1920 630 dicas,
1946 596 1984 623 et
2007 586 2170 638 pruden-

1591 640 1665 677 tius
1684 638 1832 676 sentias.
1884 638 1946 676 So.
1973 635 2170 689 Tu‘quan-

1591 692 1674 729 tum
1691 702 1795 743 potes
1814 690 1982 728 celeriter
2003 691 2170 742 proficis·-

1594 758 1691 789 cere,
1703 753 1815 794 atque
1827 742 1993 795 Hegioni
2005 753 2168 796 cognato

1594 795 1797 848 Pamphilae
1826 809 1903 833 rem
1928 810 2093 844 omnem,
2125 805 2171 837 ut

1593 859 1674 888 acta
1702 859 1771 896 est,
1799 862 1967 899 expone:
2005 850 2037 887 is
2064 848 2168 890 enini

1593 901 1755 950 Simulo,
1782 903 1914 939 marito
1944 916 2049 948 meo,
2069 904 2168 954 patri
2200 909 2204 910 ⁷

1589 956 1744 1008 virginis
1764 952 1930 992 summus
1948 956 2088 993 amicus
2105 954 2167 994 fu-

1591 1008 1635 1054 it,
1649 1017 1687 1046 et
1701 1021 1767 1045 nos
1781 1008 1939 1045 maxime
1953 1008 2168 1048 observavit.

1593 1060 1664 1098 Ge.
1700 1059 1817 1098 Recte
1848 1060 1952 1107 faeis,
1986 1075 2071 1099 nam
2100 1075 2167 1111 per

1591 1112 1795 1151 Herculem
1812 1126 1922 1151 nemo
1935 1112 2028 1151 alius
2047 1114 2164 1153 nostri

114 1185 238 1212 curam
256 1172 382 1212 habet.
422 1174 483 1212 So.
510 1158 659 1211 Festina
673 1154 832 1220 tusniea
846 1169 1046 1220 Canthara,
1063 1169 1124 1210 abi
1141 1169 1309 1223 propere,
1325 1166 1563 1207 obstetricem
1581 1166 1767 1215 adducito,
1787 1175 1844 1215 ut,
1861 1167 1949 1206 cum
1965 1174 2091 1219 partus
2106 1168 2175 1205 in·-

113 1227 242 1278 smbit,
259 1226 399 1266 nullam
415 1239 554 1268 moram
574 1225 696 1265 faciat.

485 1414 873 1488 ACTUS
945 1413 1086 1483 111.
1185 1407 1591 1514 SCENA
1659 1405 1800 1475 III.

841 1567 1124 1623 DEMEA.
1196 1563 1444 1646 sYRUS.
1506 1584 1508 1586 >

115 1706 219 1760 De.
253 1706 509 1760 D1sm11
525 1725 541 1770 3
588 1704 947 1775 Ctesiphonem
973 1700 1139 1755 audivi
1162 1699 1327 1752 filium

118 1777 238 1830 Una
257 1780 409 1831 fuisse
431 1779 486 1830 in
507 1777 734 1847 raptione
761 1795 878 1828 cum
904 1773 1167 1826 AEschino.

115 1849 176 1902 Id
194 1850 377 1902 misero
400 1860 550 1901 restat
573 1847 701 1900 mihi
726 1847 864 1911 mali,
883 1845 933 1898 si
942 1845 1089 1896 illum
1111 1850 1292 1912 potest,

116 1919 225 1976 Qui
249 1921 402 1973 alicui
426 1921 496 1972 rei
521 1929 610 1985 est,
635 1918 786 1970 etiam
811 1918 872 1970 ad
899 1915 1179 1984 nequitiem
1203 1913 1466 1966 abducere.

114 1989 223 2044 Ubi
258 2011 353 2062 ego
388 1992 533 2045 illum
574 1991 831 2062 quaeram?
871 1987 1020 2040 credo
1054 1987 1330 2038 abductum
1368 1984 1422 2036 in
1452 2001 1542 2053 ga-

259 2082 415 2116 neum
1240 2104 1246 2108 ,
1506 2062 1538 2108 5

115 2133 332 2203 Aliquo:
368 2132 611 2204 persuasit
634 2133 720 2185 ille
746 2131 986 2200 impuruS,
1010 2139 1085 2182 sat
1107 2128 1230 2182 scio,
1428 2178 1441 2185 ,,

117 2204 220 2256 Sed
243 2222 425 2259 eccum
460 2207 533 2258 ire
569 2205 751 2275 Syrum
774 2203 949 2254 video:
987 2202 1109 2254 hinc
1131 2200 1271 2252 scibo
1287 2197 1414 2269 jam,
1452 2198 1543 2250 ubi

277 2277 388 2331 siet.

118 2347 289 2417 Atque
309 2348 478 2399 hercle
497 2347 582 2399 hic
607 2346 668 2398 de
694 2364 846 2415 grege
871 2345 960 2400 illo
982 2351 1088 2396 est:
1126 2342 1168 2394 si
1192 2360 1276 2395 me
1300 2341 1510 2394 senserit

117 2417 258 2470 Eum
284 2419 561 2488 quaeritare,
587 2435 847 2487 nunquam
866 2417 1002 2469 dicet
1026 2414 1281 2469 carnufeX.

119 2489 241 2541 Non
266 2491 524 2543 ostendam
553 2490 603 2541 id
630 2507 711 2541 me
737 2490 880 2550 velle.

124 2559 215 2633 Sy.
253 2562 478 2613 Omnem
503 2579 610 2612 rem
637 2560 788 2614 modo
811 2558 936 2625 seni,

121 2631 242 2687 Quo
264 2646 413 2702 pacto
436 2651 488 2684 se
508 2622 735 2692 liaberet,
760 2649 1045 2683 enarramus
1069 2630 1260 2683 ordine.

118 2701 212 2756 Nil
232 2703 507 2773 quidquam
527 2703 630 2754 vidi
647 2703 845 2765 laetius„
901 2702 1003 2754 De.
1040 2703 1130 2771 pro
1146 2699 1376 2770 Jupiter!

122 2772 366 2840 Hominis
386 2773 682 2826 stultitiam!
725 2773 812 2845 Sy.
843 2773 1144 2825 collaudavit
1168 2772 1365 2824 filium:
1472 2787 1475 2790 ⁴

120 2843 276 2909 Mihi,
301 2845 459 2916 quiid
479 2845 725 2898 dedissem
749 2844 1032 2909 consilium,
1057 2844 1162 2912 egit
1183 2843 1382 2912 gratiae.
1483 2846 1550 2894 15·

122 2914 224 2966 De.
247 2916 567 2986 Disrumpor.
607 2915 695 2988 Sy.
722 2925 984 2984 argentum
1005 2914 1354 2967 adnumeravit
1375 2914 1545 2966 illico:
1567 2915 1569 2917 ’

120 2985 280 3037 Dedit
304 2998 543 3056 praeterea
563 2988 615 3040 in
640 3000 897 3056 sumptum
925 2986 1191 3038 dimidium
1217 2985 1403 3040 minae:

119 3055 183 3108 Id
208 3058 527 3111 distributum
552 3062 671 3111 sane
690 3069 765 3110 est
784 3077 845 3110 cx
868 3055 1134 3110 sententia.
1205 3057 1307 3108 De.
1333 3056 1452 3108 hem
1475 3056 1487 3108 ἒ

124 3126 269 3179 Huic
295 3129 519 3191 man'de3‚
541 3131 583 3181 si
607 3130 730 3200 quid
755 3131 890 3181 recte
915 3139 1147 3181 curatum
1174 3128 1313 3181 velis·

126 3196 216 3268 Sy.
258 3198 399 3250 Hem
423 3198 432 3250 !
490 3201 704 3266 Demea,
744 3201 878 3252 haud
923 3200 1247 3270 adspexeram
1289 3210 1372 3252 te:
1429 3199 1549 3270 quid

161 3271 163 3275 '
266 3269 432 3338 agitur
451 3271 488 3321 ?r
1082 3311 1084 3314 ,
1481 3275 1552 3322 20

126 3338 230 3391 De:
256 3339 398 3396 Quid
421 3341 629 3410 agatur?
669 3354 880 3402 vostram
903 3361 1100 3412 nequeo
1118 3337 1287 3394 mirari
1307 3342 1426 3393 satis

123 3410 414 3466 Rationem.
491 3411 580 3484 Sy.
618 3421 694 3464 est
719 3413 888 3466 hercle
925 3414 1112 3484 inepta,
1139 3431 1203 3465 ne
1227 3413 1392 3466 dicam
1420 3413 1552 3477 dolo,

269 3491 419 3552 atque

1479 2489 1546 2536 lo

1647 1695 1719 1735 De.
1746 1695 1899 1743 Occidi3
1938 1696 2058 1736 audivi
2077 1696 2169 1736 Cte-

1593 1748 1791 1801 siphonem
1837 1751 2013 1789 comitem
2054 1749 2170 1789 fuisse

1595 1802 1781 1849 AEschini‚
1810 1804 1895 1841 cum
1925 1802 2084 1855 puellam
2114 1817 2171 1850 ra-

1593 1857 1689 1907 puit.
1741 1855 1786 1894 Id
1799 1855 1892 1895 mihi
1910 1855 2049 1894 infelici
2067 1858 2171 1894 s'um-

1593 1922 1697 1947 mum
1743 1909 1882 1948 malum
1928 1908 2048 1947 adhuc
2082 1909 2177 1947 reli-v

1593 1975 1709 2012 quum
1728 1963 1800 2009 est',
1814 1963 1846 2000 si
1861 1960 2062 2001 AEschinus
2080 1961 2173 2000 Cte-

1594 2013 1807 2066 siphonem,
1820 2017 1884 2066 qui
1903 2015 2010 2052 alicui
2026 2015 2077 2052 rei
2096 2015 2173 2053 uti-

1595 2066 1640 2105 lis
1655 2081 1735 2105 esse
1753 2077 1890 2119 potest,
1916 2068 1962 2105 ad
1984 2067 2173 2106 luxum-et
2232 2084 2234 2086 ·

1592 2119 1786 2158 libidinem
1802 2120 1979 2172 impellat.
2005 2119 2172 2160 Ubinam

1593 2173 1708 2225 igitur
1717 2172 1981 2225 Ctesiphonem
1989 2175 2173 2224 quaeram?

1595 2226 1635 2263 in
1682 2227 1850 2278 lupanar,
1898 2235 1942 2264 ut
1987 2226 2171 2277 suspicor,

1594 2278 1779 2330 quoddam
1808 2279 1855 2317 ab
1890 2277 2073 2318 AEschino
2107 2279 2173 2316 ab-

1595 2333 1729 2370 duetus
1750 2340 1824 2371 est:
1863 2333 2042 2384 persuasit
2068 2331 2173 2382 flagi-

1596 2385 1713 2423 tiosus
1728 2385 1790 2423 ille
1807 2383 2043 2436 Ctesiphoni,
2059 2384 2173 2436 probe

1578 2439 1688 2483 scio,
1722 2447 1767 2476 ut
1802 2451 1929 2477 secum
1965 2437 2054 2475 illuc
2091 2438 2173 2475 iret.

1600 2487 1675 2528 Sed
1683 2503 1768 2529 ecce
1777 2489 1804 2527 S
1831 2504 1909 2528 rum
1919 2491 2042 2527 venire
2051 2489 2174 2527 video:

1592 2543 1673 2592 jam
1698 2557 1745 2581 ex
1777 2544 1841 2582 ilo
1869 2544 1998 2589 sciam,
2030 2542 2095 2580 ubi
2122 2543 2175 2580 sit

1600 2595 1790 2647 Ctesipho.
1816 2595 1943 2646 Atque
1962 2593 2174 2633 mehercule

1599 2649 1645 2686 de
1662 2648 1726 2686 illo
1754 2648 1948 2686 hominum
1973 2657 2075 2686 coetu
2093 2657 2174 2686 est:

1599 2703 1631 2739 si
1655 2699 2041 2740 animadverteret'me
2068 2700 2175 2739 illum

1600 2754 1734 2805 cupide
1769 2764 1948 2805 quaerere,
1981 2766 2189 2804 nunquam

1598 2807 1712 2853 dicet,
1759 2807 1827 2846 ubi
1861 2808 1911 2845 sit
1945 2820 2066 2858 ganeo
2099 2805 2177 2843 illc.

1598 2858 1856 2898 Dissimulabo
1882 2872 1942 2897 me
1969 2860 2004 2897 id
2027 2868 2177 2909 cupere.

1598 2913 1669 2963 Sy.
1687 2911 1763 2950 Res
1781 2922 1902 2965 gestas
1921 2911 1967 2950 ab
1995 2910 2178 2951 AEschino

1601 2964 1758 3004 Mitioni
1784 2979 1830 3003 cx
1854 2965 1982 3003 ordine
2009 2965 2180 3002 recitavit

1602 3020 1791 3056 neminem
1842 3030 2066 3069 quemquam
2118 3015 2176 3053 hi-

1601 3072 1772 3109 lariorem
1786 3069 1852 3109 illo
1866 3070 1950 3108 vidi.
1995 3070 2066 3106 De.
2078 3066 2176 3105 Proh

1600 3122 1772 3175 Jupiter!
1800 3121 1962 3162 hominis
1976 3122 2176 3172 ineptiam!

1602 3177 1673 3228 Sy.
1694 3175 1832 3214 Filium
1858 3174 2080 3213 AEscliinum
2100 3174 2179 3212 lau-

1603 3229 1711 3267 dibus
1723 3236 1966 3280 prosequutus
1978 3236 2051 3264 est:
2067 3226 2178 3274 mihi,

1604 3283 1668 3332 qui
1704 3282 1767 3319 illa
1802 3281 2011 3323 suasissem,
2042 3281 2178 3331 gratias

1604 3336 1683 3384 egit
1698 3348 1764 3385 pro
1776 3333 1944 3372 consilio.
1964 3333 2034 3370 De.
2049 3332 2178 3371 Animi

1604 3387 1814 3424 discrucior.
1881 3386 1950 3437 Sy.
1977 3383 2180 3423 Pecuniam

1604 3440 1732 3477 statim
1763 3439 1986 3484 numeravit3
2029 3439 2182 3489 insuper

1605 3494 1645 3530 in
1659 3501 1849 3543 sumptum
1857 3490 2053 3529 dimidium
2066 3492 2180 3528 minae

1604 3544 1758 3594 largitus
1782 3551 1861 3582 est:
1890 3551 2017 3595 postca
2044 3543 2080 3581 id
2107 3544 2179 3580 dis·

173 3597 302 3634 rtitum
322 3604 378 3634 cst
397 3608 441 3632 ex
464 3595 650 3633 voluntate
672 3595 854 3635 AEschini.
912 3597 981 3635 De.
1013 3596 1053 3635 Si
1082 3598 1171 3649 quid
1193 3598 1290 3637 recte
1317 3607 1485 3649 paratum
1505 3610 1583 3635 esse
1603 3598 1744 3648 cupiam,
1771 3595 1844 3634 hoc
1868 3596 2028 3634 officium
2049 3597 2180 3634 manda

155 3650 214 3686 uic
234 3647 339 3700 Syro.
394 3649 462 3700 Sy.
494 3647 631 3693 Ehem,
659 3648 818 3694 Demea,
851 3663 924 3687 nou
953 3659 991 3688 tc
1010 3651 1186 3689 videram:
1216 3652 1304 3702 quid
1323 3652 1392 3689 fit?
1450 3651 1520 3689 De.
1553 3649 1657 3693 Quid
1684 3650 1748 3687 fiat
1774 3650 1903 3701 rogas?
1934 3663 2008 3686 non
2029 3659 2177 3700 posinna

127 3702 213 3742 satis
233 3703 355 3741 mirari
375 3713 536 3743 vestrum
555 3702 687 3754 agendi
705 3716 858 3742 morem.
912 3703 982 3755 Sy·
1015 3701 1084 3745 Est
1101 3702 1308 3753 mehercule
1326 3704 1603 3755 inconveniens,
1621 3715 1668 3744 ne
1688 3704 1859 3750 mentiar,
1878 3711 1916 3741 et
1935 3703 2098 3752 ineptus.
