<?xml version="1.0" encoding="UTF-8"?>
<!DOCTYPE html PUBLIC "-//W3C//DTD XHTML 1.0 Transitional//EN"
    "http://www.w3.org/TR/xhtml1/DTD/xhtml1-transitional.dtd">
<html xmlns="http://www.w3.org/1999/xhtml" xml:lang="en" lang="en">
 <head>
  <title>
</title>
<meta http-equiv="Content-Type" content="text/html;charset=utf-8" />
  <meta name='ocr-system' content='tesseract 3.04.00' />
  <meta name='ocr-capabilities' content='ocr_page ocr_carea ocr_par ocr_line ocrx_word'/>
</head>
<body>
  <div class='ocr_page' id='page_1' title='image "./comoediaesexinte00tereuoft_0086.png"; bbox 0 0 2340 3964; ppageno 0'>
   <div class='ocr_carea' id='block_1_1' title="bbox 159 113 299 183">
    <p class='ocr_par' dir='ltr' id='par_1_1' title="bbox 159 113 299 183">
     <span class='ocr_line' id='line_1_1' title="bbox 159 113 299 183; baseline -0.036 -17"><span class='ocrx_word' id='word_1_1' title='bbox 159 113 299 183; x_wconf 47' lang='lat' dir='ltr'><strong>lxxv}</strong></span> 
     </span>
    </p>
   </div>
   <div class='ocr_carea' id='block_1_2' title="bbox 1061 112 1630 178">
    <p class='ocr_par' dir='ltr' id='par_1_2' title="bbox 1061 112 1630 178">
     <span class='ocr_line' id='line_1_2' title="bbox 1061 112 1630 178; baseline 0.012 -12"><span class='ocrx_word' id='word_1_2' title='bbox 1061 112 1630 178; x_wconf 70' lang='lat' dir='ltr'>PRQLEGOMENA</span> 
     </span>
    </p>
   </div>
   <div class='ocr_carea' id='block_1_3' title="bbox 493 254 2294 803">
    <p class='ocr_par' dir='ltr' id='par_1_3' title="bbox 560 254 1672 455">
     <span class='ocr_line' id='line_1_3' title="bbox 565 254 1445 332; baseline -0.009 -20"><span class='ocrx_word' id='word_1_3' title='bbox 565 259 719 328; x_wconf 73' lang='grc' dir='ltr'><em>Χρεώ,</em></span> <span class='ocrx_word' id='word_1_4' title='bbox 745 258 1028 332; x_wconf 57' lang='grc' dir='ltr'><strong>πηληιάὸεᾳζ,</strong></span> <span class='ocrx_word' id='word_1_5' title='bbox 1053 254 1252 313; x_wconf 72' lang='grc' dir='ltr'><strong>πόλεως,</strong></span> <span class='ocrx_word' id='word_1_6' title='bbox 1273 256 1445 310; x_wconf 56' lang='grc' dir='ltr'>πλέω·</span> 
     </span>
     <span class='ocr_line' id='line_1_4' title="bbox 560 323 1702 385; baseline -0.001 -9"><span class='ocrx_word' id='word_1_7' title='bbox 560 328 629 376; x_wconf 92' lang='lat' dir='ltr'><strong>Ut</strong></span> <span class='ocrx_word' id='word_1_8' title='bbox 652 327 905 375; x_wconf 78' lang='lat' dir='ltr'><strong>bacchium</strong></span> <span class='ocrx_word' id='word_1_9' title='bbox 926 324 1072 371; x_wconf 86' lang='lat' dir='ltr'><strong>etiam</strong></span> <span class='ocrx_word' id='word_1_10' title='bbox 1093 323 1411 385; x_wconf 82' lang='lat' dir='ltr'><strong>receperimus</strong></span> <span class='ocrx_word' id='word_1_11' title='bbox 1431 325 1514 374; x_wconf 88' lang='lat' dir='ltr'><strong>illo</strong></span> <span class='ocrx_word' id='word_1_12' title='bbox 1533 332 1702 382; x_wconf 74' lang='lat' dir='ltr'><strong>versu·</strong></span> 
     </span>
     <span class='ocr_line' id='line_1_5' title="bbox 626 389 1575 455; baseline 0 -15"><span class='ocrx_word' id='word_1_13' title='bbox 626 395 691 440; x_wconf 78' lang='lat' dir='ltr'><strong>Et</strong></span> <span class='ocrx_word' id='word_1_14' title='bbox 714 392 861 440; x_wconf 73' lang='lat' dir='ltr'><strong>laeveis</strong></span> <span class='ocrx_word' id='word_1_15' title='bbox 878 405 1032 441; x_wconf 68' lang='lat' dir='ltr'><strong>ocreas</strong></span> <span class='ocrx_word' id='word_1_16' title='bbox 1053 389 1170 436; x_wconf 72' lang='lat' dir='ltr'><strong>lento</strong></span> <span class='ocrx_word' id='word_1_17' title='bbox 1192 389 1362 442; x_wconf 70' lang='lat' dir='ltr'><strong>ducunt</strong></span> <span class='ocrx_word' id='word_1_18' title='bbox 1376 401 1575 455; x_wconf 69' lang='lat' dir='ltr'><strong>argemo.</strong></span> 
     </span>
    </p>

    <p class='ocr_par' dir='ltr' id='par_1_4' title="bbox 493 453 2294 787">
     <span class='ocr_line' id='line_1_6' title="bbox 563 453 2226 520; baseline -0.008 -14"><span class='ocrx_word' id='word_1_19' title='bbox 563 460 632 506; x_wconf 91' lang='lat' dir='ltr'><strong>At</strong></span> <span class='ocrx_word' id='word_1_20' title='bbox 652 458 782 505; x_wconf 88' lang='lat' dir='ltr'><strong>huuc</strong></span> <span class='ocrx_word' id='word_1_21' title='bbox 804 468 994 508; x_wconf 79' lang='lat' dir='ltr'><strong>versum</strong></span> <span class='ocrx_word' id='word_1_22' title='bbox 1006 453 1326 518; x_wconf 84' lang='lat' dir='ltr'><strong>spondaicum</strong></span> <span class='ocrx_word' id='word_1_23' title='bbox 1361 465 1499 517; x_wconf 82' lang='lat' dir='ltr'><strong>putat</strong></span> <span class='ocrx_word' id='word_1_24' title='bbox 1512 457 1774 513; x_wconf 65' lang='lat' dir='ltr'><strong>Diomedes</strong></span> <span class='ocrx_word' id='word_1_25' title='bbox 1796 459 1870 508; x_wconf 70' lang='lat' dir='ltr'><strong>vir</strong></span> <span class='ocrx_word' id='word_1_26' title='bbox 1890 455 2090 520; x_wconf 47' lang='lat' dir='ltr'><strong>doctu„</strong></span> <span class='ocrx_word' id='word_1_27' title='bbox 2126 468 2226 511; x_wconf 51' lang='lat' dir='ltr'><strong>„qn</strong></span> 
     </span>
     <span class='ocr_line' id='line_1_7' title="bbox 495 514 2294 589; baseline -0.006 -17"><span class='ocrx_word' id='word_1_28' title='bbox 495 523 651 572; x_wconf 77' lang='lat' dir='ltr'><strong>male:</strong></span> <span class='ocrx_word' id='word_1_29' title='bbox 690 530 743 568; x_wconf 91' lang='lat' dir='ltr'><strong>ut</strong></span> <span class='ocrx_word' id='word_1_30' title='bbox 763 521 952 569; x_wconf 87' lang='lat' dir='ltr'><strong>mollior</strong></span> <span class='ocrx_word' id='word_1_31' title='bbox 966 514 1145 568; x_wconf 85' lang='lat' dir='ltr'><strong>vocalis</strong></span> <span class='ocrx_word' id='word_1_32' title='bbox 1163 521 1331 568; x_wconf 88' lang='lat' dir='ltr'><strong>subeat</strong></span> <span class='ocrx_word' id='word_1_33' title='bbox 1353 520 1612 573; x_wconf 57' lang='lat' dir='ltr'><strong>fortiorema</strong></span> <span class='ocrx_word' id='word_1_34' title='bbox 1663 525 1740 574; x_wconf 89' lang='lat' dir='ltr'><strong>Sic</strong></span> <span class='ocrx_word' id='word_1_35' title='bbox 1762 524 1992 575; x_wconf 85' lang='lat' dir='ltr'><strong>creticum</strong></span> <span class='ocrx_word' id='word_1_36' title='bbox 2014 526 2226 589; x_wconf 73' lang='lat' dir='ltr'><strong>inter-po.</strong></span> <span class='ocrx_word' id='word_1_37' title='bbox 2279 548 2294 562; x_wconf 89' lang='lat'><strong>.</strong></span> 
     </span>
     <span class='ocr_line' id='line_1_8' title="bbox 495 585 2229 662; baseline 0 -25"><span class='ocrx_word' id='word_1_38' title='bbox 495 590 604 644; x_wconf 88' lang='lat' dir='ltr'><strong>suit,</strong></span> <span class='ocrx_word' id='word_1_39' title='bbox 640 595 694 634; x_wconf 89' lang='lat' dir='ltr'><strong>ut</strong></span> <span class='ocrx_word' id='word_1_40' title='bbox 728 587 1008 662; x_wconf 70' lang='lat' dir='ltr'><strong>spondaeum</strong></span> <span class='ocrx_word' id='word_1_41' title='bbox 1046 585 1242 642; x_wconf 85' lang='lat' dir='ltr'><strong>faceret,</strong></span> <span class='ocrx_word' id='word_1_42' title='bbox 1275 586 1324 634; x_wconf 88' lang='lat' dir='ltr'><strong>in</strong></span> <span class='ocrx_word' id='word_1_43' title='bbox 1357 587 1506 635; x_wconf 90' lang='lat' dir='ltr'><strong>verbo</strong></span> <span class='ocrx_word' id='word_1_44' title='bbox 1528 605 1678 637; x_wconf 76' lang='lat' dir='ltr'><strong>aureo.</strong></span> <span class='ocrx_word' id='word_1_45' title='bbox 1746 590 1889 641; x_wconf 76' lang='lat' dir='ltr'><strong>Quod</strong></span> <span class='ocrx_word' id='word_1_46' title='bbox 1912 591 1950 639; x_wconf 84' lang='lat' dir='ltr'><strong>si</strong></span> <span class='ocrx_word' id='word_1_47' title='bbox 1975 592 2025 639; x_wconf 86' lang='lat' dir='ltr'><strong>in</strong></span> <span class='ocrx_word' id='word_1_48' title='bbox 2045 600 2229 655; x_wconf 74' lang='lat' dir='ltr'><strong>tragoe-</strong></span> 
     </span>
     <span class='ocr_line' id='line_1_9' title="bbox 493 652 2224 712; baseline 0.001 -10"><span class='ocrx_word' id='word_1_49' title='bbox 493 653 576 702; x_wconf 85' lang='lat' dir='ltr'><strong>dia</strong></span> <span class='ocrx_word' id='word_1_50' title='bbox 597 653 762 702; x_wconf 81' lang='lat' dir='ltr'><strong>cretici</strong></span> <span class='ocrx_word' id='word_1_51' title='bbox 784 662 908 709; x_wconf 88' lang='lat' dir='ltr'><strong>sunt,</strong></span> <span class='ocrx_word' id='word_1_52' title='bbox 946 653 996 700; x_wconf 91' lang='lat' dir='ltr'><strong>in</strong></span> <span class='ocrx_word' id='word_1_53' title='bbox 1006 652 1223 707; x_wconf 82' lang='lat' dir='ltr'><strong>heroi-cis</strong></span> <span class='ocrx_word' id='word_1_54' title='bbox 1246 653 1475 700; x_wconf 85' lang='lat' dir='ltr'><strong>bacchius</strong></span> <span class='ocrx_word' id='word_1_55' title='bbox 1508 662 1558 700; x_wconf 87' lang='lat' dir='ltr'><strong>et</strong></span> <span class='ocrx_word' id='word_1_56' title='bbox 1580 655 1925 712; x_wconf 67' lang='lat' dir='ltr'><strong>antibacchius,</strong></span> <span class='ocrx_word' id='word_1_57' title='bbox 1966 666 2017 707; x_wconf 83' lang='lat' dir='ltr'><strong>ut</strong></span> <span class='ocrx_word' id='word_1_58' title='bbox 2038 665 2224 705; x_wconf 85' lang='lat' dir='ltr'><strong>taceam</strong></span> 
     </span>
     <span class='ocr_line' id='line_1_10' title="bbox 493 703 2222 803; baseline -0.009 -35"><span class='ocrx_word' id='word_1_59' title='bbox 493 727 808 784; x_wconf 65' lang='lat' dir='ltr'><strong>anapaestum,</strong></span> <span class='ocrx_word' id='word_1_60' title='bbox 834 728 938 768; x_wconf 90' lang='lat' dir='ltr'><strong>tum</strong></span> <span class='ocrx_word' id='word_1_61' title='bbox 962 703 1174 774; x_wconf 82' lang='lat' dir='ltr'><strong>Homeri,</strong></span> <span class='ocrx_word' id='word_1_62' title='bbox 1199 716 1359 784; x_wconf 73' lang='grc' dir='ltr'><em>βορέης</em></span> <span class='ocrx_word' id='word_1_63' title='bbox 1387 716 1567 793; x_wconf 66' lang='grc' dir='ltr'><em>ζεφῦρός</em></span> <span class='ocrx_word' id='word_1_64' title='bbox 1590 735 1658 766; x_wconf 66' lang='grc' dir='ltr'><strong>τε·</strong></span> <span class='ocrx_word' id='word_1_65' title='bbox 1685 731 1789 782; x_wconf 72' lang='lat' dir='ltr'><strong>tum</strong></span> <span class='ocrx_word' id='word_1_66' title='bbox 1809 721 2016 803; x_wconf 45' lang='lat' dir='ltr'><strong>virgfflj,</strong></span> <span class='ocrx_word' id='word_1_67' title='bbox 2037 721 2222 774; x_wconf 59' lang='lat' dir='ltr'><strong>ptumo,</strong></span> 
     </span>
    </p>
   </div>
   <div class='ocr_carea' id='block_1_4' title="bbox 491 782 2308 843">
    <p class='ocr_par' dir='ltr' id='par_1_5' title="bbox 491 782 2308 843">
     <span class='ocr_line' id='line_1_11' title="bbox 491 782 2308 843; baseline 0.002 -11"><span class='ocrx_word' id='word_1_68' title='bbox 491 803 590 833; x_wconf 68' lang='lat' dir='ltr'><strong>rum</strong></span> <span class='ocrx_word' id='word_1_69' title='bbox 620 803 699 832; x_wconf 79' lang='lat' dir='ltr'><strong>rex</strong></span> <span class='ocrx_word' id='word_1_70' title='bbox 735 786 994 834; x_wconf 66' lang='lat' dir='ltr'><strong>Eridanus:</strong></span> <span class='ocrx_word' id='word_1_71' title='bbox 1039 802 1134 832; x_wconf 90' lang='lat' dir='ltr'><strong>non</strong></span> <span class='ocrx_word' id='word_1_72' title='bbox 1168 782 1341 831; x_wconf 87' lang='lat' dir='ltr'><strong>vident</strong></span> <span class='ocrx_word' id='word_1_73' title='bbox 1337 802 1389 830; x_wconf 70' lang='grc' dir='ltr'><strong>ιι·</strong></span> <span class='ocrx_word' id='word_1_74' title='bbox 1425 784 1566 837; x_wconf 80' lang='lat' dir='ltr'><strong>fuisse</strong></span> <span class='ocrx_word' id='word_1_75' title='bbox 1599 794 1669 834; x_wconf 86' lang='lat' dir='ltr'><strong>tot</strong></span> <span class='ocrx_word' id='word_1_76' title='bbox 1700 795 1911 837; x_wconf 66' lang='lat' dir='ltr'><strong>monstra</strong></span> <span class='ocrx_word' id='word_1_77' title='bbox 1948 787 2228 843; x_wconf 55' lang='lat' dir='ltr'><strong>necessaria,</strong></span> <span class='ocrx_word' id='word_1_78' title='bbox 2304 801 2308 808; x_wconf 76' lang='lat'><em>¹</em></span> 
     </span>
    </p>
   </div>
   <div class='ocr_carea' id='block_1_5' title="bbox 491 849 2232 1046">
    <p class='ocr_par' dir='ltr' id='par_1_6' title="bbox 491 849 2232 1046">
     <span class='ocr_line' id='line_1_12' title="bbox 492 849 2224 916; baseline 0.002 -18"><span class='ocrx_word' id='word_1_79' title='bbox 492 860 609 915; x_wconf 90' lang='lat' dir='ltr'><strong>quot</strong></span> <span class='ocrx_word' id='word_1_80' title='bbox 634 852 708 898; x_wconf 86' lang='lat' dir='ltr'><strong>isti</strong></span> <span class='ocrx_word' id='word_1_81' title='bbox 733 851 1000 907; x_wconf 77' lang='lat' dir='ltr'><strong>eximendis</strong></span> <span class='ocrx_word' id='word_1_82' title='bbox 1024 851 1277 901; x_wconf 85' lang='lat' dir='ltr'><strong>elementis</strong></span> <span class='ocrx_word' id='word_1_83' title='bbox 1301 849 1539 906; x_wconf 81' lang='lat' dir='ltr'><strong>crearunt,</strong></span> <span class='ocrx_word' id='word_1_84' title='bbox 1577 853 1625 898; x_wconf 86' lang='lat' dir='ltr'><strong>in</strong></span> <span class='ocrx_word' id='word_1_85' title='bbox 1649 852 1840 916; x_wconf 74' lang='lat' dir='ltr'><strong>quidem,</strong></span> <span class='ocrx_word' id='word_1_86' title='bbox 1850 852 1915 906; x_wconf 72' lang='lat' dir='ltr'><strong>in</strong></span> <span class='ocrx_word' id='word_1_87' title='bbox 1932 856 2065 911; x_wconf 68' lang='lat' dir='ltr'><strong>sicut,</strong></span> <span class='ocrx_word' id='word_1_88' title='bbox 2091 854 2142 906; x_wconf 79' lang='lat' dir='ltr'><strong>in</strong></span> <span class='ocrx_word' id='word_1_89' title='bbox 2162 856 2224 902; x_wconf 78' lang='lat' dir='ltr'><strong>si-</strong></span> 
     </span>
     <span class='ocr_line' id='line_1_13' title="bbox 492 916 2231 991; baseline 0.002 -27"><span class='ocrx_word' id='word_1_90' title='bbox 492 919 599 972; x_wconf 79' lang='lat' dir='ltr'><strong>mul,</strong></span> <span class='ocrx_word' id='word_1_91' title='bbox 640 926 781 991; x_wconf 82' lang='lat' dir='ltr'><strong>atque</strong></span> <span class='ocrx_word' id='word_1_92' title='bbox 815 918 948 965; x_wconf 81' lang='lat' dir='ltr'><strong>aliis:</strong></span> <span class='ocrx_word' id='word_1_93' title='bbox 995 933 1149 980; x_wconf 89' lang='lat' dir='ltr'><strong>neque</strong></span> <span class='ocrx_word' id='word_1_94' title='bbox 1186 916 1506 964; x_wconf 82' lang='lat' dir='ltr'><strong>excludendas</strong></span> <span class='ocrx_word' id='word_1_95' title='bbox 1539 917 1747 983; x_wconf 80' lang='lat' dir='ltr'><strong>integras</strong></span> <span class='ocrx_word' id='word_1_96' title='bbox 1781 916 1923 969; x_wconf 84' lang='lat' dir='ltr'><strong>fuisse</strong></span> <span class='ocrx_word' id='word_1_97' title='bbox 1954 934 2108 974; x_wconf 60' lang='lat' dir='ltr'><strong>voces,</strong></span> <span class='ocrx_word' id='word_1_98' title='bbox 2147 930 2231 968; x_wconf 87' lang='lat' dir='ltr'><strong>aut</strong></span> 
     </span>
     <span class='ocr_line' id='line_1_14' title="bbox 491 956 2232 1046; baseline 0.001 -15"><span class='ocrx_word' id='word_1_99' title='bbox 491 984 608 1031; x_wconf 86' lang='lat' dir='ltr'><strong>alias</strong></span> <span class='ocrx_word' id='word_1_100' title='bbox 645 984 825 1046; x_wconf 86' lang='lat' dir='ltr'><strong>spurias</strong></span> <span class='ocrx_word' id='word_1_101' title='bbox 866 983 1085 1046; x_wconf 79' lang='lat' dir='ltr'><strong>ingenuis</strong></span> <span class='ocrx_word' id='word_1_102' title='bbox 1118 982 1468 1046; x_wconf 76' lang='lat' dir='ltr'>supponendas,</span> <span class='ocrx_word' id='word_1_103' title='bbox 1502 983 1628 1046; x_wconf 88' lang='lat' dir='ltr'><strong>quod</strong></span> <span class='ocrx_word' id='word_1_104' title='bbox 1640 956 1839 1032; x_wconf 55' lang='lat' dir='ltr'><strong>”secisse</strong></span> <span class='ocrx_word' id='word_1_105' title='bbox 1880 983 2145 1040; x_wconf 66' lang='lat' dir='ltr'><strong>Ermum,</strong></span> <span class='ocrx_word' id='word_1_106' title='bbox 2180 994 2232 1033; x_wconf 89' lang='lat' dir='ltr'><strong>et</strong></span> 
     </span>
    </p>
   </div>
   <div class='ocr_carea' id='block_1_6' title="bbox 424 1048 2233 1142">
    <p class='ocr_par' dir='ltr' id='par_1_7' title="bbox 424 1048 2233 1142">
     <span class='ocr_line' id='line_1_15' title="bbox 424 1048 2233 1142; baseline 0.002 -47"><span class='ocrx_word' id='word_1_107' title='bbox 424 1100 429 1107; x_wconf 15' lang='lat' dir='ltr'>N</span> <span class='ocrx_word' id='word_1_108' title='bbox 491 1065 636 1112; x_wconf 83' lang='lat' dir='ltr'><strong>supra</strong></span> <span class='ocrx_word' id='word_1_109' title='bbox 669 1048 970 1105; x_wconf 83' lang='lat' dir='ltr'><strong>ostendimus,</strong></span> <span class='ocrx_word' id='word_1_110' title='bbox 1013 1057 1062 1095; x_wconf 87' lang='lat' dir='ltr'><strong>et</strong></span> <span class='ocrx_word' id='word_1_111' title='bbox 1094 1065 1156 1095; x_wconf 79' lang='lat' dir='ltr'><strong>ex</strong></span> <span class='ocrx_word' id='word_1_112' title='bbox 1190 1049 1263 1095; x_wconf 89' lang='lat' dir='ltr'><strong>his</strong></span> <span class='ocrx_word' id='word_1_113' title='bbox 1286 1057 1431 1113; x_wconf 87' lang='lat' dir='ltr'><strong>patet.</strong></span> <span class='ocrx_word' id='word_1_114' title='bbox 1500 1049 1662 1098; x_wconf 85' lang='lat' dir='ltr'><strong>Nam&#39;</strong></span> <span class='ocrx_word' id='word_1_115' title='bbox 1651 1065 1702 1098; x_wconf 84' lang='lat' dir='ltr'><strong>m</strong></span> <span class='ocrx_word' id='word_1_116' title='bbox 1723 1050 1960 1099; x_wconf 81' lang='lat' dir='ltr'><strong>Eunucho</strong></span> <span class='ocrx_word' id='word_1_117' title='bbox 1983 1051 2233 1142; x_wconf 67' lang='lat' dir='ltr'><strong>despectam</strong></span> 
     </span>
    </p>
   </div>
   <div class='ocr_carea' id='block_1_7' title="bbox 491 1115 2242 2577">
    <p class='ocr_par' dir='ltr' id='par_1_8' title="bbox 491 1115 2221 1244">
     <span class='ocr_line' id='line_1_16' title="bbox 491 1115 1228 1179; baseline -0.003 -17"><span class='ocrx_word' id='word_1_118' title='bbox 491 1116 683 1179; x_wconf 81' lang='lat' dir='ltr'><strong>posuit3</strong></span> <span class='ocrx_word' id='word_1_119' title='bbox 720 1115 992 1176; x_wconf 81' lang='lat' dir='ltr'><strong>despicatam</strong></span> <span class='ocrx_word' id='word_1_120' title='bbox 1016 1115 1228 1162; x_wconf 86' lang='lat' dir='ltr'><strong>sustulit:</strong></span> 
     </span>
     <span class='ocr_line' id='line_1_17' title="bbox 623 1150 2234 1244; baseline 0.003 -17"><span class='ocrx_word' id='word_1_121' title='bbox 623 1150 811 1228; x_wconf 64' lang='lat' dir='ltr'><strong>I-I&#39;abeat</strong></span> <span class='ocrx_word' id='word_1_122' title='bbox 844 1182 1131 1243; x_wconf 71' lang='lat' dir='ltr'><strong>despicatam,</strong></span> <span class='ocrx_word' id='word_1_123' title='bbox 1164 1191 1205 1227; x_wconf 82' lang='lat' dir='ltr'><strong>et</strong></span> <span class='ocrx_word' id='word_1_124' title='bbox 1229 1195 1322 1244; x_wconf 81' lang='lat' dir='ltr'><strong>quoe</strong></span> <span class='ocrx_word' id='word_1_125' title='bbox 1341 1197 1421 1228; x_wconf 79' lang='lat' dir='ltr'><strong>nos</strong></span> <span class='ocrx_word' id='word_1_126' title='bbox 1440 1196 1603 1244; x_wconf 82' lang='lat' dir='ltr'><strong>semper</strong></span> <span class='ocrx_word' id='word_1_127' title='bbox 1624 1181 1827 1229; x_wconf 80' lang='lat' dir='ltr'><strong>omnibus</strong></span> <span class='ocrx_word' id='word_1_128' title='bbox 1847 1184 2055 1232; x_wconf 76' lang='lat' dir='ltr'><strong>cruciant</strong></span> <span class='ocrx_word' id='word_1_129' title='bbox 2076 1182 2234 1232; x_wconf 72' lang='lat' dir='ltr'><strong>modis.</strong></span> 
     </span>
    </p>

    <p class='ocr_par' dir='ltr' id='par_1_9' title="bbox 494 1244 2235 1376">
     <span class='ocr_line' id='line_1_18' title="bbox 558 1244 2235 1338; baseline 0.004 -46"><span class='ocrx_word' id='word_1_130' title='bbox 558 1247 712 1293; x_wconf 81' lang='lat' dir='ltr'><strong>Auxit</strong></span> <span class='ocrx_word' id='word_1_131' title='bbox 734 1247 880 1294; x_wconf 83' lang='lat' dir='ltr'><strong>etiam</strong></span> <span class='ocrx_word' id='word_1_132' title='bbox 902 1263 1109 1294; x_wconf 69' lang='lat' dir='ltr'><strong>errorem</strong></span> <span class='ocrx_word' id='word_1_133' title='bbox 1133 1244 1226 1293; x_wconf 87' lang='lat' dir='ltr'><strong>alia</strong></span> <span class='ocrx_word' id='word_1_134' title='bbox 1250 1246 1410 1311; x_wconf 80' lang='lat' dir='ltr'><strong>culpa,</strong></span> <span class='ocrx_word' id='word_1_135' title='bbox 1446 1247 1557 1296; x_wconf 72' lang='lat' dir='ltr'><strong>otim</strong></span> <span class='ocrx_word' id='word_1_136' title='bbox 1579 1264 1642 1295; x_wconf 85' lang='lat' dir='ltr'><strong>ex</strong></span> <span class='ocrx_word' id='word_1_137' title='bbox 1665 1245 1834 1296; x_wconf 87' lang='lat' dir='ltr'><strong>eadem</strong></span> <span class='ocrx_word' id='word_1_138' title='bbox 1859 1247 2024 1338; x_wconf 61' lang='lat' dir='ltr'><strong>fabula</strong></span> <span class='ocrx_word' id='word_1_139' title='bbox 2046 1264 2235 1298; x_wconf 84' lang='lat' dir='ltr'><strong>versum</strong></span> 
     </span>
     <span class='ocr_line' id='line_1_19' title="bbox 494 1312 1110 1376; baseline -0.003 -15"><span class='ocrx_word' id='word_1_140' title='bbox 494 1312 635 1376; x_wconf 85' lang='lat' dir='ltr'><strong>fingit</strong></span> <span class='ocrx_word' id='word_1_141' title='bbox 657 1329 717 1359; x_wconf 89' lang='lat' dir='ltr'><strong>ex</strong></span> <span class='ocrx_word' id='word_1_142' title='bbox 744 1313 873 1374; x_wconf 89' lang='lat' dir='ltr'><strong>puris</strong></span> <span class='ocrx_word' id='word_1_143' title='bbox 895 1313 1110 1360; x_wconf 85' lang='lat' dir='ltr'><strong>creticis.</strong></span> 
     </span>
    </p>

    <p class='ocr_par' dir='ltr' id='par_1_10' title="bbox 627 1377 2235 1492">
     <span class='ocr_line' id='line_1_20' title="bbox 627 1377 2235 1444; baseline 0.001 -20"><span class='ocrx_word' id='word_1_144' title='bbox 627 1377 806 1426; x_wconf 79' lang='lat' dir='ltr'><strong>Siccine</strong></span> <span class='ocrx_word' id='word_1_145' title='bbox 839 1380 965 1440; x_wconf 77' lang='lat' dir='ltr'><strong>agis.</strong></span> <span class='ocrx_word' id='word_1_146' title='bbox 958 1381 980 1414; x_wconf 70' lang='lat'>9</span> <span class='ocrx_word' id='word_1_147' title='bbox 1019 1380 1118 1442; x_wconf 74' lang='lat' dir='ltr'><strong>quis</strong></span> <span class='ocrx_word' id='word_1_148' title='bbox 1145 1388 1194 1427; x_wconf 71' lang='lat' dir='ltr'><strong>tu</strong></span> <span class='ocrx_word' id='word_1_149' title='bbox 1218 1378 1348 1427; x_wconf 73' lang='lat' dir='ltr'><strong>homo</strong></span> <span class='ocrx_word' id='word_1_150' title='bbox 1381 1396 1425 1426; x_wconf 73' lang='lat' dir='ltr'><strong>es</strong></span> <span class='ocrx_word' id='word_1_151' title='bbox 1441 1383 1463 1426; x_wconf 69' lang='grc' dir='ltr'><strong>ξ’</strong></span> <span class='ocrx_word' id='word_1_152' title='bbox 1496 1379 1608 1444; x_wconf 80' lang='lat' dir='ltr'><strong>quid</strong></span> <span class='ocrx_word' id='word_1_153' title='bbox 1625 1378 1710 1429; x_wconf 75' lang='lat' dir='ltr'><strong>tibi</strong></span> <span class='ocrx_word' id='word_1_154' title='bbox 1730 1381 1798 1428; x_wconf 76' lang='lat' dir='ltr'><strong>vis</strong></span> <span class='ocrx_word' id='word_1_155' title='bbox 1818 1384 1843 1426; x_wconf 81' lang='lat'><em>?</em></span> <span class='ocrx_word' id='word_1_156' title='bbox 1875 1380 1991 1444; x_wconf 79' lang='lat' dir='ltr'><strong>quid</strong></span> <span class='ocrx_word' id='word_1_157' title='bbox 2018 1387 2124 1428; x_wconf 75' lang='lat' dir='ltr'><strong>cum</strong></span> <span class='ocrx_word' id='word_1_158' title='bbox 2149 1378 2235 1427; x_wconf 66' lang='lat' dir='ltr'><strong>illd</strong></span> 
     </span>
     <span class='ocr_line' id='line_1_21' title="bbox 759 1445 1056 1496; baseline 0 -6"><span class='ocrx_word' id='word_1_159' title='bbox 759 1446 827 1491; x_wconf 81' lang='lat' dir='ltr'><strong>rei</strong></span> <span class='ocrx_word' id='word_1_160' title='bbox 844 1445 937 1496; x_wconf 70' lang='lat' dir='ltr'><strong>tibi</strong></span> <span class='ocrx_word' id='word_1_161' title='bbox 955 1453 1041 1492; x_wconf 81' lang='lat' dir='ltr'><strong>est</strong></span> <span class='ocrx_word' id='word_1_162' title='bbox 1035 1447 1056 1479; x_wconf 71' lang='lat'><strong><em>9</em></strong></span> 
     </span>
    </p>

    <p class='ocr_par' dir='ltr' id='par_1_11' title="bbox 561 1508 2235 1574">
     <span class='ocr_line' id='line_1_22' title="bbox 561 1508 2235 1574; baseline 0.001 -16"><span class='ocrx_word' id='word_1_163' title='bbox 561 1509 716 1559; x_wconf 79' lang='lat' dir='ltr'><strong>Quem</strong></span> <span class='ocrx_word' id='word_1_164' title='bbox 748 1517 909 1557; x_wconf 88' lang='lat' dir='ltr'><strong>tamen</strong></span> <span class='ocrx_word' id='word_1_165' title='bbox 932 1508 1190 1561; x_wconf 78' lang='lat' dir='ltr'><strong>iambicum</strong></span> <span class='ocrx_word' id='word_1_166' title='bbox 1211 1508 1495 1574; x_wconf 80' lang='lat' dir='ltr'><strong>quadratum</strong></span> <span class='ocrx_word' id='word_1_167' title='bbox 1515 1525 1759 1573; x_wconf 77' lang='lat' dir='ltr'><strong>agnoscas·</strong></span> <span class='ocrx_word' id='word_1_168' title='bbox 1824 1511 1933 1560; x_wconf 72' lang='lat' dir='ltr'><strong>Pari</strong></span> <span class='ocrx_word' id='word_1_169' title='bbox 1956 1509 2235 1567; x_wconf 80' lang='lat' dir='ltr'><strong>infelicitate</strong></span> 
     </span>
    </p>

    <p class='ocr_par' dir='ltr' id='par_1_12' title="bbox 494 1573 2165 1705">
     <span class='ocr_line' id='line_1_23' title="bbox 494 1573 2165 1642; baseline 0.001 -19"><span class='ocrx_word' id='word_1_170' title='bbox 494 1582 544 1624; x_wconf 84' lang='lat' dir='ltr'><strong>et</strong></span> <span class='ocrx_word' id='word_1_171' title='bbox 565 1575 700 1623; x_wconf 88' lang='lat' dir='ltr'><strong>illum</strong></span> <span class='ocrx_word' id='word_1_172' title='bbox 717 1591 779 1622; x_wconf 84' lang='lat' dir='ltr'><strong>ex</strong></span> <span class='ocrx_word' id='word_1_173' title='bbox 799 1573 992 1638; x_wconf 67' lang='lat' dir='ltr'><strong>Andri‘i</strong></span> <span class='ocrx_word' id='word_1_174' title='bbox 999 1573 1186 1622; x_wconf 86' lang='lat' dir='ltr'><strong>creticis</strong></span> <span class='ocrx_word' id='word_1_175' title='bbox 1210 1575 1460 1629; x_wconf 87' lang='lat' dir='ltr'><strong>conclusit,</strong></span> <span class='ocrx_word' id='word_1_176' title='bbox 1484 1575 1566 1639; x_wconf 86' lang='lat' dir='ltr'><strong>qui</strong></span> <span class='ocrx_word' id='word_1_177' title='bbox 1582 1583 1707 1623; x_wconf 83' lang='lat' dir='ltr'><strong>esset</strong></span> <span class='ocrx_word' id='word_1_178' title='bbox 1723 1577 1933 1626; x_wconf 72' lang='lat' dir='ltr'><strong>senarius</strong></span> <span class='ocrx_word' id='word_1_179' title='bbox 1950 1577 2165 1642; x_wconf 86' lang='lat' dir='ltr'><strong>integer.</strong></span> 
     </span>
     <span class='ocr_line' id='line_1_24' title="bbox 626 1622 1765 1705; baseline -0.001 -17"><span class='ocrx_word' id='word_1_180' title='bbox 626 1642 684 1689; x_wconf 80' lang='lat' dir='ltr'><strong>In</strong></span> <span class='ocrx_word' id='word_1_181' title='bbox 706 1622 992 1705; x_wconf 61' lang='lat' dir='ltr'><strong>denegando</strong></span> <span class='ocrx_word' id='word_1_182' title='bbox 993 1639 1126 1690; x_wconf 74' lang='lat' dir='ltr'><strong>modd</strong></span> <span class='ocrx_word' id='word_1_183' title='bbox 1148 1643 1247 1705; x_wconf 72' lang='lat' dir='ltr'><strong>quis</strong></span> <span class='ocrx_word' id='word_1_184' title='bbox 1260 1641 1417 1703; x_wconf 79' lang='lat' dir='ltr'><strong>pudor</strong></span> <span class='ocrx_word' id='word_1_185' title='bbox 1435 1652 1498 1688; x_wconf 76' lang='lat' dir='ltr'><strong>est</strong></span> <span class='ocrx_word' id='word_1_186' title='bbox 1510 1640 1765 1704; x_wconf 79' lang='lat' dir='ltr'><strong>paululu&#39;m.</strong></span> 
     </span>
    </p>

    <p class='ocr_par' dir='ltr' id='par_1_13' title="bbox 496 1685 2240 2085">
     <span class='ocr_line' id='line_1_25' title="bbox 559 1685 2238 1772; baseline 0.001 -18"><span class='ocrx_word' id='word_1_187' title='bbox 559 1706 800 1755; x_wconf 80' lang='lat' dir='ltr'><strong>Restituta</strong></span> <span class='ocrx_word' id='word_1_188' title='bbox 835 1723 1040 1772; x_wconf 87' lang='lat' dir='ltr'><strong>namque</strong></span> <span class='ocrx_word' id='word_1_189' title='bbox 1072 1722 1173 1770; x_wconf 88' lang='lat' dir='ltr'><strong>per</strong></span> <span class='ocrx_word' id='word_1_190' title='bbox 1191 1706 1377 1754; x_wconf 90' lang='lat' dir='ltr'><strong>initium</strong></span> <span class='ocrx_word' id='word_1_191' title='bbox 1411 1707 1763 1770; x_wconf 68' lang='lat' dir='ltr'><strong>praepositione,</strong></span> <span class='ocrx_word' id='word_1_192' title='bbox 1805 1723 1950 1772; x_wconf 90' lang='lat' dir='ltr'><strong>quam</strong></span> <span class='ocrx_word' id='word_1_193' title='bbox 1982 1706 2063 1754; x_wconf 87' lang='lat' dir='ltr'><strong>ille</strong></span> <span class='ocrx_word' id='word_1_194' title='bbox 2095 1685 2238 1756; x_wconf 69' lang='lat' dir='ltr'><strong>nimis</strong></span> 
     </span>
     <span class='ocr_line' id='line_1_26' title="bbox 497 1772 2240 1836; baseline 0.001 -16"><span class='ocrx_word' id='word_1_195' title='bbox 497 1772 795 1821; x_wconf 88' lang='lat' dir='ltr'><strong>confidenter</strong></span> <span class='ocrx_word' id='word_1_196' title='bbox 816 1773 1085 1828; x_wconf 84' lang='lat' dir='ltr'><strong>sustulerat,</strong></span> <span class='ocrx_word' id='word_1_197' title='bbox 1120 1772 1170 1820; x_wconf 88' lang='lat' dir='ltr'><strong>in</strong></span> <span class='ocrx_word' id='word_1_198' title='bbox 1192 1772 1362 1836; x_wconf 87' lang='lat' dir='ltr'><strong>prioris</strong></span> <span class='ocrx_word' id='word_1_199' title='bbox 1381 1773 1545 1828; x_wconf 80' lang='lat' dir='ltr'><strong>finem,</strong></span> <span class='ocrx_word' id='word_1_200' title='bbox 1568 1773 1704 1820; x_wconf 84' lang='lat' dir='ltr'><strong>tolles</strong></span> <span class='ocrx_word' id='word_1_201' title='bbox 1727 1773 1851 1822; x_wconf 85' lang='lat' dir='ltr'><strong>illius</strong></span> <span class='ocrx_word' id='word_1_202' title='bbox 1873 1783 1924 1821; x_wconf 86' lang='lat' dir='ltr'><strong>et</strong></span> <span class='ocrx_word' id='word_1_203' title='bbox 1942 1783 2164 1829; x_wconf 77' lang='lat' dir='ltr'><strong>errorem,</strong></span> <span class='ocrx_word' id='word_1_204' title='bbox 2187 1781 2240 1822; x_wconf 86' lang='lat' dir='ltr'><strong>et</strong></span> 
     </span>
     <span class='ocr_line' id='line_1_27' title="bbox 498 1837 2237 1914; baseline 0.002 -29"><span class='ocrx_word' id='word_1_205' title='bbox 498 1838 778 1890; x_wconf 72' lang='lat' dir='ltr'><strong>audaciam·</strong></span> <span class='ocrx_word' id='word_1_206' title='bbox 813 1839 952 1888; x_wconf 86' lang='lat' dir='ltr'><strong>simul</strong></span> <span class='ocrx_word' id='word_1_207' title='bbox 973 1837 1304 1914; x_wconf 82' lang='lat' dir='ltr'><strong>deprehendes</strong></span> <span class='ocrx_word' id='word_1_208' title='bbox 1325 1855 1532 1887; x_wconf 82' lang='lat' dir='ltr'><strong>crassam</strong></span> <span class='ocrx_word' id='word_1_209' title='bbox 1544 1839 1778 1902; x_wconf 88' lang='lat' dir='ltr'><strong>culpam·</strong></span> <span class='ocrx_word' id='word_1_210' title='bbox 1762 1875 1779 1899; x_wconf 89' lang='lat'>‚</span> <span class='ocrx_word' id='word_1_211' title='bbox 1815 1840 1895 1902; x_wconf 90' lang='lat' dir='ltr'><strong>qui</strong></span> <span class='ocrx_word' id='word_1_212' title='bbox 1918 1839 2151 1887; x_wconf 83' lang='lat' dir='ltr'><strong>creticum</strong></span> <span class='ocrx_word' id='word_1_213' title='bbox 2173 1848 2237 1888; x_wconf 75' lang='lat' dir='ltr'><strong>ex</strong></span> 
     </span>
     <span class='ocr_line' id='line_1_28' title="bbox 496 1903 2238 1968; baseline 0.001 -17"><span class='ocrx_word' id='word_1_214' title='bbox 496 1905 649 1952; x_wconf 84' lang='lat' dir='ltr'><strong>tribus</strong></span> <span class='ocrx_word' id='word_1_215' title='bbox 672 1905 870 1952; x_wconf 86' lang='lat' dir='ltr'><strong>vocibus</strong></span> <span class='ocrx_word' id='word_1_216' title='bbox 891 1903 1201 1955; x_wconf 86' lang='lat' dir='ltr'><strong>confectum</strong></span> <span class='ocrx_word' id='word_1_217' title='bbox 1188 1905 1245 1952; x_wconf 78' lang='lat' dir='ltr'><strong>iri</strong></span> <span class='ocrx_word' id='word_1_218' title='bbox 1270 1905 1478 1967; x_wconf 86' lang='lat' dir='ltr'><strong>speravit</strong></span> <span class='ocrx_word' id='word_1_219' title='bbox 1501 1903 1611 1960; x_wconf 87' lang='lat' dir='ltr'><strong>illis,</strong></span> <span class='ocrx_word' id='word_1_220' title='bbox 1633 1903 1734 1968; x_wconf 57' lang='lat' dir='ltr'><strong>qui-s</strong></span> <span class='ocrx_word' id='word_1_221' title='bbox 1746 1905 1905 1968; x_wconf 81' lang='lat' dir='ltr'><strong>pudor</strong></span> <span class='ocrx_word' id='word_1_222' title='bbox 1925 1916 2001 1952; x_wconf 72' lang='lat' dir='ltr'><strong>est.</strong></span> <span class='ocrx_word' id='word_1_223' title='bbox 2055 1903 2238 1953; x_wconf 70' lang='lat' dir='ltr'><strong>Verum</strong></span> 
     </span>
     <span class='ocr_line' id='line_1_29' title="bbox 497 1963 2238 2060; baseline 0 -41"><span class='ocrx_word' id='word_1_224' title='bbox 497 1970 581 2019; x_wconf 87' lang='lat' dir='ltr'><strong>ille</strong></span> <span class='ocrx_word' id='word_1_225' title='bbox 603 1970 675 2018; x_wconf 86' lang='lat' dir='ltr'><strong>vir</strong></span> <span class='ocrx_word' id='word_1_226' title='bbox 698 1971 922 2019; x_wconf 85' lang='lat' dir='ltr'><strong>curiosior</strong></span> <span class='ocrx_word' id='word_1_227' title='bbox 937 1966 1085 2037; x_wconf 74' lang='lat' dir='ltr'><strong>paulo</strong></span> <span class='ocrx_word' id='word_1_228' title='bbox 1109 1963 1199 2018; x_wconf 83' lang='lat' dir='ltr'><strong>&#39;fuit</strong></span> <span class='ocrx_word' id='word_1_229' title='bbox 1220 1969 1529 2019; x_wconf 86' lang='lat' dir='ltr'><strong>emendandis</strong></span> <span class='ocrx_word' id='word_1_230' title='bbox 1552 1970 1842 2060; x_wconf 56' lang='lat' dir='ltr'><strong>auctoribps.</strong></span> <span class='ocrx_word' id='word_1_231' title='bbox 1893 1971 2020 2019; x_wconf 81' lang='lat' dir='ltr'><strong>Nam</strong></span> <span class='ocrx_word' id='word_1_232' title='bbox 2042 1978 2092 2019; x_wconf 86' lang='lat' dir='ltr'><strong>et</strong></span> <span class='ocrx_word' id='word_1_233' title='bbox 2108 1969 2238 2036; x_wconf 78' lang='lat' dir='ltr'><strong>apud</strong></span> 
     </span>
     <span class='ocr_line' id='line_1_30' title="bbox 500 2036 767 2085; baseline 0 -1"><span class='ocrx_word' id='word_1_234' title='bbox 500 2036 767 2085; x_wconf 82' lang='lat' dir='ltr'><strong>Senecam.</strong></span> 
     </span>
    </p>

    <p class='ocr_par' dir='ltr' id='par_1_14' title="bbox 564 2102 2200 2298">
     <span class='ocr_line' id='line_1_31' title="bbox 629 2102 1687 2166; baseline -0.002 -15"><span class='ocrx_word' id='word_1_235' title='bbox 629 2102 801 2156; x_wconf 78' lang='lat' dir='ltr'><strong>Arcum</strong></span> <span class='ocrx_word' id='word_1_236' title='bbox 821 2103 1012 2151; x_wconf 70' lang='lat' dir='ltr'><strong>intensio</strong></span> <span class='ocrx_word' id='word_1_237' title='bbox 1020 2103 1220 2166; x_wconf 61' lang='lat' dir='ltr'><strong>frangit,</strong></span> <span class='ocrx_word' id='word_1_238' title='bbox 1243 2104 1438 2151; x_wconf 79' lang='lat' dir='ltr'><strong>animum</strong></span> <span class='ocrx_word' id='word_1_239' title='bbox 1459 2104 1687 2151; x_wconf 72' lang='lat' dir='ltr'><strong>remissio.-</strong></span> 
     </span>
     <span class='ocr_line' id='line_1_32' title="bbox 564 2154 2232 2233; baseline -0.001 -17"><span class='ocrx_word' id='word_1_240' title='bbox 564 2167 693 2223; x_wconf 85' lang='lat' dir='ltr'><strong>Eum</strong></span> <span class='ocrx_word' id='word_1_241' title='bbox 714 2168 782 2217; x_wconf 90' lang='lat' dir='ltr'><strong>ibi</strong></span> <span class='ocrx_word' id='word_1_242' title='bbox 801 2167 930 2217; x_wconf 80' lang='lat' dir='ltr'><strong>‚dixit</strong></span> <span class='ocrx_word' id='word_1_243' title='bbox 951 2184 1059 2217; x_wconf 88' lang='lat' dir='ltr'><strong>esse</strong></span> <span class='ocrx_word' id='word_1_244' title='bbox 1076 2169 1316 2217; x_wconf 80' lang='lat' dir='ltr'><strong>inversum</strong></span> <span class='ocrx_word' id='word_1_245' title='bbox 1337 2168 1589 2223; x_wconf 85' lang='lat' dir='ltr'><strong>senarium,</strong></span> <span class='ocrx_word' id='word_1_246' title='bbox 1623 2175 1765 2232; x_wconf 85' lang='lat' dir='ltr'><strong>atque</strong></span> <span class='ocrx_word' id='word_1_247' title='bbox 1786 2154 1890 2233; x_wconf 79' lang='lat' dir='ltr'><strong>ipse</strong></span> <span class='ocrx_word' id='word_1_248' title='bbox 1911 2166 1981 2216; x_wconf 83' lang='lat' dir='ltr'><strong>sic</strong></span> <span class='ocrx_word' id='word_1_249' title='bbox 2003 2166 2232 2215; x_wconf 67' lang='lat' dir='ltr'><strong>invertit.</strong></span> 
     </span>
     <span class='ocr_line' id='line_1_33' title="bbox 631 2234 1695 2298; baseline 0.001 -17"><span class='ocrx_word' id='word_1_250' title='bbox 631 2234 854 2282; x_wconf 77' lang='lat' dir='ltr'><strong>Remissio</strong></span> <span class='ocrx_word' id='word_1_251' title='bbox 875 2250 1070 2282; x_wconf 79' lang='lat' dir='ltr'><strong>ammam</strong></span> <span class='ocrx_word' id='word_1_252' title='bbox 1077 2235 1282 2298; x_wconf 67' lang='lat' dir='ltr'><strong>frangat</strong></span> <span class='ocrx_word' id='word_1_253' title='bbox 1310 2251 1464 2283; x_wconf 85' lang='lat' dir='ltr'><strong>arcum</strong></span> <span class='ocrx_word' id='word_1_254' title='bbox 1486 2236 1695 2283; x_wconf 74' lang='lat' dir='ltr'><strong>intensio.</strong></span> 
     </span>
    </p>

    <p class='ocr_par' dir='ltr' id='par_1_15' title="bbox 502 2298 2242 2561">
     <span class='ocr_line' id='line_1_34' title="bbox 564 2298 2237 2365; baseline -0.001 -18"><span class='ocrx_word' id='word_1_255' title='bbox 564 2299 777 2348; x_wconf 86' lang='lat' dir='ltr'><strong>Dixisset</strong></span> <span class='ocrx_word' id='word_1_256' title='bbox 793 2298 1105 2355; x_wconf 79' lang='lat' dir='ltr'><strong>commodius,</strong></span> <span class='ocrx_word' id='word_1_257' title='bbox 1126 2299 1251 2364; x_wconf 90' lang='lat' dir='ltr'><strong>quod</strong></span> <span class='ocrx_word' id='word_1_258' title='bbox 1275 2299 1334 2348; x_wconf 86' lang='lat' dir='ltr'><strong>ad</strong></span> <span class='ocrx_word' id='word_1_259' title='bbox 1357 2299 1505 2365; x_wconf 88' lang='lat' dir='ltr'><strong>pedes</strong></span> <span class='ocrx_word' id='word_1_260' title='bbox 1522 2299 1705 2356; x_wconf 85' lang='lat' dir='ltr'><strong>attinet,</strong></span> <span class='ocrx_word' id='word_1_261' title='bbox 1722 2299 1790 2348; x_wconf 84' lang='lat' dir='ltr'><strong>sic</strong></span> <span class='ocrx_word' id='word_1_262' title='bbox 1804 2299 1900 2362; x_wconf 82' lang='lat' dir='ltr'><strong>legi</strong></span> <span class='ocrx_word' id='word_1_263' title='bbox 1918 2314 2085 2362; x_wconf 80' lang='lat' dir='ltr'><strong>posse:</strong></span> <span class='ocrx_word' id='word_1_264' title='bbox 2111 2313 2237 2346; x_wconf 86' lang='lat' dir='ltr'><strong>nunc</strong></span> 
     </span>
     <span class='ocr_line' id='line_1_35' title="bbox 503 2364 2242 2423; baseline -0.001 -9"><span class='ocrx_word' id='word_1_265' title='bbox 503 2382 617 2414; x_wconf 87' lang='lat' dir='ltr'><strong>cum</strong></span> <span class='ocrx_word' id='word_1_266' title='bbox 639 2365 974 2415; x_wconf 84' lang='lat' dir='ltr'><strong>necessitatem</strong></span> <span class='ocrx_word' id='word_1_267' title='bbox 996 2365 1150 2423; x_wconf 88' lang='lat' dir='ltr'><strong>affert,</strong></span> <span class='ocrx_word' id='word_1_268' title='bbox 1174 2382 1365 2415; x_wconf 85' lang='lat' dir='ltr'><strong>causam</strong></span> <span class='ocrx_word' id='word_1_269' title='bbox 1389 2382 1523 2415; x_wconf 86' lang='lat' dir='ltr'><strong>suam</strong></span> <span class='ocrx_word' id='word_1_270' title='bbox 1545 2365 1660 2414; x_wconf 83' lang='lat' dir='ltr'><strong>facit</strong></span> <span class='ocrx_word' id='word_1_271' title='bbox 1675 2364 1973 2414; x_wconf 80' lang='lat' dir='ltr'><strong>deteriorem.</strong></span> <span class='ocrx_word' id='word_1_272' title='bbox 2039 2365 2168 2414; x_wconf 84' lang='lat' dir='ltr'><strong>Nam</strong></span> <span class='ocrx_word' id='word_1_273' title='bbox 2189 2374 2242 2414; x_wconf 86' lang='lat' dir='ltr'><strong>et</strong></span> 
     </span>
     <span class='ocr_line' id='line_1_36' title="bbox 504 2418 2239 2495; baseline 0.001 -16"><span class='ocrx_word' id='word_1_274' title='bbox 504 2432 573 2480; x_wconf 85' lang='lat' dir='ltr'><strong>sic</strong></span> <span class='ocrx_word' id='word_1_275' title='bbox 604 2432 813 2480; x_wconf 83' lang='lat' dir='ltr'><strong>senarius</strong></span> <span class='ocrx_word' id='word_1_276' title='bbox 845 2439 941 2478; x_wconf 89' lang='lat' dir='ltr'><strong>est.</strong></span> <span class='ocrx_word' id='word_1_277' title='bbox 979 2439 1027 2478; x_wconf 90' lang='lat' dir='ltr'><strong>et</strong></span> <span class='ocrx_word' id='word_1_278' title='bbox 1061 2430 1109 2478; x_wconf 90' lang='lat' dir='ltr'><strong>in</strong></span> <span class='ocrx_word' id='word_1_279' title='bbox 1143 2431 1250 2478; x_wconf 86' lang='lat' dir='ltr'><strong>aliis</strong></span> <span class='ocrx_word' id='word_1_280' title='bbox 1279 2431 1403 2495; x_wconf 84' lang='lat' dir='ltr'><strong>apud</strong></span> <span class='ocrx_word' id='word_1_281' title='bbox 1426 2418 1632 2480; x_wconf 83' lang='lat' dir='ltr'><strong>eundem</strong></span> <span class='ocrx_word' id='word_1_282' title='bbox 1655 2439 1898 2480; x_wconf 88' lang='lat' dir='ltr'><strong>auctorem</strong></span> <span class='ocrx_word' id='word_1_283' title='bbox 1920 2429 2116 2479; x_wconf 76' lang='lat' dir='ltr'><strong>senariis</strong></span> <span class='ocrx_word' id='word_1_284' title='bbox 2140 2439 2239 2480; x_wconf 74' lang='lat' dir='ltr'><strong>non</strong></span> 
     </span>
     <span class='ocr_line' id='line_1_37' title="bbox 502 2494 2238 2577; baseline 0 -33"><span class='ocrx_word' id='word_1_285' title='bbox 502 2499 776 2546; x_wconf 84' lang='lat' dir='ltr'><strong>observatas</strong></span> <span class='ocrx_word' id='word_1_286' title='bbox 795 2496 950 2561; x_wconf 84' lang='lat' dir='ltr'><strong>magis</strong></span> <span class='ocrx_word' id='word_1_287' title='bbox 973 2497 1103 2561; x_wconf 85' lang='lat' dir='ltr'><strong>leges</strong></span> <span class='ocrx_word' id='word_1_288' title='bbox 1126 2497 1379 2577; x_wconf 83' lang='lat' dir='ltr'><strong>intelligas,</strong></span> <span class='ocrx_word' id='word_1_289' title='bbox 1413 2514 1559 2561; x_wconf 77' lang='lat' dir='ltr'><strong>quam</strong></span> <span class='ocrx_word' id='word_1_290' title='bbox 1591 2498 1641 2545; x_wconf 88' lang='lat' dir='ltr'><strong>in</strong></span> <span class='ocrx_word' id='word_1_291' title='bbox 1664 2497 1915 2546; x_wconf 86' lang='lat' dir='ltr'><strong>comoediis</strong></span> <span class='ocrx_word' id='word_1_292' title='bbox 1935 2503 2021 2545; x_wconf 86' lang='lat' dir='ltr'><strong>aut</strong></span> <span class='ocrx_word' id='word_1_293' title='bbox 2037 2494 2153 2547; x_wconf 69' lang='lat' dir='ltr'><strong>aliis</strong></span> <span class='ocrx_word' id='word_1_294' title='bbox 2163 2495 2238 2544; x_wconf 72' lang='lat' dir='ltr'><strong>fa-</strong></span> 
     </span>
    </p>
   </div>
   <div class='ocr_carea' id='block_1_8' title="bbox 479 2535 2275 2627">
    <p class='ocr_par' dir='ltr' id='par_1_16' title="bbox 479 2535 2275 2627">
     <span class='ocr_line' id='line_1_38' title="bbox 479 2535 2275 2627; baseline 0.001 -16"><span class='ocrx_word' id='word_1_295' title='bbox 479 2570 481 2573; x_wconf 80' lang='grc'><strong>“</strong></span> <span class='ocrx_word' id='word_1_296' title='bbox 503 2562 630 2611; x_wconf 76' lang='lat' dir='ltr'><strong>bulis</strong></span> <span class='ocrx_word' id='word_1_297' title='bbox 653 2562 779 2611; x_wconf 81' lang='lat' dir='ltr'><strong>unde</strong></span> <span class='ocrx_word' id='word_1_298' title='bbox 802 2535 908 2611; x_wconf 66' lang='lat' dir='ltr'>ineo</span> <span class='ocrx_word' id='word_1_299' title='bbox 902 2571 1124 2620; x_wconf 79' lang='lat' dir='ltr'><strong>sumeret.</strong></span> <span class='ocrx_word' id='word_1_300' title='bbox 1194 2561 1333 2612; x_wconf 73' lang='lat' dir='ltr'><strong>Quod</strong></span> <span class='ocrx_word' id='word_1_301' title='bbox 1356 2564 1396 2611; x_wconf 88' lang='lat' dir='ltr'><strong>si</strong></span> <span class='ocrx_word' id='word_1_302' title='bbox 1419 2563 1575 2613; x_wconf 88' lang='lat' dir='ltr'><strong>acrius</strong></span> <span class='ocrx_word' id='word_1_303' title='bbox 1595 2562 1934 2627; x_wconf 87' lang='lat' dir='ltr'><strong>contemplere,</strong></span> <span class='ocrx_word' id='word_1_304' title='bbox 1957 2560 2103 2627; x_wconf 51' lang='lat' dir='ltr'><strong>long&amp;</strong></span> <span class='ocrx_word' id='word_1_305' title='bbox 2116 2577 2240 2611; x_wconf 81' lang='lat' dir='ltr'><strong>con·</strong></span> <span class='ocrx_word' id='word_1_306' title='bbox 2268 2608 2275 2612; x_wconf 86' lang='lat'><strong>.</strong></span> 
     </span>
    </p>
   </div>
   <div class='ocr_carea' id='block_1_9' title="bbox 497 2626 2243 3618">
    <p class='ocr_par' dir='ltr' id='par_1_17' title="bbox 504 2626 2243 3014">
     <span class='ocr_line' id='line_1_39' title="bbox 504 2626 2243 2692; baseline 0.001 -18"><span class='ocrx_word' id='word_1_307' title='bbox 504 2628 691 2677; x_wconf 79' lang='lat' dir='ltr'><strong>cinnior</strong></span> <span class='ocrx_word' id='word_1_308' title='bbox 723 2629 963 2676; x_wconf 87' lang='lat' dir='ltr'><strong>sententia</strong></span> <span class='ocrx_word' id='word_1_309' title='bbox 988 2636 1086 2677; x_wconf 90' lang='lat' dir='ltr'><strong>est:</strong></span> <span class='ocrx_word' id='word_1_310' title='bbox 1129 2644 1272 2692; x_wconf 88' lang='lat' dir='ltr'><strong>quam</strong></span> <span class='ocrx_word' id='word_1_311' title='bbox 1295 2627 1532 2677; x_wconf 87' lang='lat' dir='ltr'><strong>deformat</strong></span> <span class='ocrx_word' id='word_1_312' title='bbox 1554 2629 1667 2678; x_wconf 85' lang='lat' dir='ltr'><strong>ille</strong></span> <span class='ocrx_word' id='word_1_313' title='bbox 1656 2630 1921 2679; x_wconf 81' lang='lat' dir='ltr'><strong>inversione</strong></span> <span class='ocrx_word' id='word_1_314' title='bbox 1943 2626 2040 2676; x_wconf 60' lang='lat' dir='ltr'><strong>sua.</strong></span> <span class='ocrx_word' id='word_1_315' title='bbox 2109 2626 2243 2676; x_wconf 78' lang='lat' dir='ltr'><strong>Nam-</strong></span> 
     </span>
     <span class='ocr_line' id='line_1_40' title="bbox 505 2693 2239 2768; baseline 0.001 -26"><span class='ocrx_word' id='word_1_316' title='bbox 505 2694 743 2743; x_wconf 85' lang='lat' dir='ltr'><strong>sententia</strong></span> <span class='ocrx_word' id='word_1_317' title='bbox 765 2695 952 2743; x_wconf 85' lang='lat' dir='ltr'><strong>tametsi</strong></span> <span class='ocrx_word' id='word_1_318' title='bbox 974 2694 1221 2758; x_wconf 74' lang='lat' dir='ltr'><strong>aequaliter</strong></span> <span class='ocrx_word' id='word_1_319' title='bbox 1241 2694 1303 2743; x_wconf 90' lang='lat' dir='ltr'><strong>de</strong></span> <span class='ocrx_word' id='word_1_320' title='bbox 1326 2711 1454 2751; x_wconf 87' lang='lat' dir='ltr'><strong>arcu,</strong></span> <span class='ocrx_word' id='word_1_321' title='bbox 1480 2703 1528 2743; x_wconf 88' lang='lat' dir='ltr'><strong>et</strong></span> <span class='ocrx_word' id='word_1_322' title='bbox 1551 2693 1612 2744; x_wconf 87' lang='lat' dir='ltr'><strong>de</strong></span> <span class='ocrx_word' id='word_1_323' title='bbox 1641 2697 1816 2751; x_wconf 88' lang='lat' dir='ltr'><strong>anim0,</strong></span> <span class='ocrx_word' id='word_1_324' title='bbox 1850 2693 2131 2768; x_wconf 79' lang='lat' dir='ltr'><strong>pronunciat</strong></span> <span class='ocrx_word' id='word_1_325' title='bbox 2151 2707 2239 2756; x_wconf 73' lang='lat' dir='ltr'><strong>per</strong></span> 
     </span>
     <span class='ocr_line' id='line_1_41' title="bbox 505 2758 2237 2834; baseline 0 -26"><span class='ocrx_word' id='word_1_326' title='bbox 505 2762 757 2816; x_wconf 87' lang='lat' dir='ltr'><strong>contraria,</strong></span> <span class='ocrx_word' id='word_1_327' title='bbox 795 2769 955 2809; x_wconf 87' lang='lat' dir='ltr'><strong>tamen</strong></span> <span class='ocrx_word' id='word_1_328' title='bbox 987 2761 1092 2808; x_wconf 91' lang='lat' dir='ltr'><strong>vult</strong></span> <span class='ocrx_word' id='word_1_329' title='bbox 1129 2777 1292 2813; x_wconf 85' lang='lat' dir='ltr'><strong>arcum</strong></span> <span class='ocrx_word' id='word_1_330' title='bbox 1331 2760 1508 2810; x_wconf 84' lang='lat' dir='ltr'><strong>referre</strong></span> <span class='ocrx_word' id='word_1_331' title='bbox 1549 2761 1610 2810; x_wconf 87' lang='lat' dir='ltr'><strong>ad</strong></span> <span class='ocrx_word' id='word_1_332' title='bbox 1651 2763 1877 2816; x_wconf 84' lang='lat' dir='ltr'><strong>animum,</strong></span> <span class='ocrx_word' id='word_1_333' title='bbox 1915 2773 2137 2834; x_wconf 79' lang='lat' dir='ltr'><strong>quomam</strong></span> <span class='ocrx_word' id='word_1_334' title='bbox 2174 2758 2237 2808; x_wconf 81' lang='lat' dir='ltr'><strong>de</strong></span> 
     </span>
     <span class='ocr_line' id='line_1_42' title="bbox 506 2822 2239 2892; baseline 0.001 -20"><span class='ocrx_word' id='word_1_335' title='bbox 506 2827 665 2874; x_wconf 86' lang='lat' dir='ltr'><strong>animo</strong></span> <span class='ocrx_word' id='word_1_336' title='bbox 698 2827 872 2890; x_wconf 73' lang='lat' dir='ltr'><strong>quaerit</strong></span> <span class='ocrx_word' id='word_1_337' title='bbox 907 2836 1127 2874; x_wconf 83' lang='lat' dir='ltr'><strong>statuere.</strong></span> <span class='ocrx_word' id='word_1_338' title='bbox 1196 2827 1360 2892; x_wconf 89' lang='lat' dir='ltr'><strong>Itaque</strong></span> <span class='ocrx_word' id='word_1_339' title='bbox 1391 2843 1488 2875; x_wconf 88' lang='lat' dir='ltr'><strong>non</strong></span> <span class='ocrx_word' id='word_1_340' title='bbox 1522 2828 1583 2875; x_wconf 87' lang='lat' dir='ltr'><strong>ab</strong></span> <span class='ocrx_word' id='word_1_341' title='bbox 1618 2843 1677 2875; x_wconf 89' lang='lat' dir='ltr'><strong>eo</strong></span> <span class='ocrx_word' id='word_1_342' title='bbox 1708 2827 1950 2890; x_wconf 83' lang='lat' dir='ltr'><strong>incipere,</strong></span> <span class='ocrx_word' id='word_1_343' title='bbox 1986 2822 2069 2872; x_wconf 86' lang='lat' dir='ltr'><strong>sed</strong></span> <span class='ocrx_word' id='word_1_344' title='bbox 2103 2823 2151 2872; x_wconf 85' lang='lat' dir='ltr'><strong>in</strong></span> <span class='ocrx_word' id='word_1_345' title='bbox 2179 2841 2239 2874; x_wconf 84' lang='lat' dir='ltr'><strong>eo</strong></span> 
     </span>
     <span class='ocr_line' id='line_1_43' title="bbox 507 2892 2238 2976; baseline 0.001 -39"><span class='ocrx_word' id='word_1_346' title='bbox 507 2894 789 2940; x_wconf 83' lang='lat' dir='ltr'><strong>sententiam</strong></span> <span class='ocrx_word' id='word_1_347' title='bbox 824 2892 1080 2940; x_wconf 79' lang='lat' dir='ltr'><strong>teiminare</strong></span> <span class='ocrx_word' id='word_1_348' title='bbox 1110 2894 1344 2976; x_wconf 85' lang='lat' dir='ltr'><strong>oportuit:</strong></span> <span class='ocrx_word' id='word_1_349' title='bbox 1380 2893 1642 2956; x_wconf 84' lang='lat' dir='ltr'><strong>praesertim</strong></span> <span class='ocrx_word' id='word_1_350' title='bbox 1678 2893 1787 2940; x_wconf 88' lang='lat' dir='ltr'><strong>cum</strong></span> <span class='ocrx_word' id='word_1_351' title='bbox 1812 2898 1988 2965; x_wconf 84' lang='lat' dir='ltr'><strong>praeter</strong></span> <span class='ocrx_word' id='word_1_352' title='bbox 2008 2898 2238 2954; x_wconf 82' lang='lat' dir='ltr'><strong>expecta-</strong></span> 
     </span>
     <span class='ocr_line' id='line_1_44' title="bbox 497 2955 2235 3014; baseline 0.001 -10.007"><span class='ocrx_word' id='word_1_353' title='bbox 497 2957 687 3004; x_wconf 86' lang='lat' dir='ltr'><strong>tionem</strong></span> <span class='ocrx_word' id='word_1_354' title='bbox 710 2958 772 3005; x_wconf 90' lang='lat' dir='ltr'><strong>de</strong></span> <span class='ocrx_word' id='word_1_355' title='bbox 793 2958 951 3005; x_wconf 87' lang='lat' dir='ltr'><strong>animo</strong></span> <span class='ocrx_word' id='word_1_356' title='bbox 972 2958 1156 3006; x_wconf 83' lang='lat' dir='ltr'><strong>sentiat.</strong></span> <span class='ocrx_word' id='word_1_357' title='bbox 1194 2957 1355 3004; x_wconf 83' lang='lat' dir='ltr'><strong>Nihil</strong></span> <span class='ocrx_word' id='word_1_358' title='bbox 1382 2960 1512 3006; x_wconf 88' lang='lat' dir='ltr'><strong>enim</strong></span> <span class='ocrx_word' id='word_1_359' title='bbox 1543 2959 1732 3014; x_wconf 89' lang='lat' dir='ltr'><strong>mirum,</strong></span> <span class='ocrx_word' id='word_1_360' title='bbox 1773 2955 2034 3005; x_wconf 87' lang='lat' dir='ltr'><strong>intensione</strong></span> <span class='ocrx_word' id='word_1_361' title='bbox 2056 2972 2235 3013; x_wconf 83' lang='lat' dir='ltr'><strong>arcum,</strong></span> 
     </span>
    </p>

    <p class='ocr_par' dir='ltr' id='par_1_18' title="bbox 507 3022 2240 3218">
     <span class='ocr_line' id='line_1_45' title="bbox 507 3022 2240 3097; baseline 0.001 -28"><span class='ocrx_word' id='word_1_362' title='bbox 507 3033 558 3070; x_wconf 84' lang='lat' dir='ltr'><strong>at</strong></span> <span class='ocrx_word' id='word_1_363' title='bbox 578 3023 749 3070; x_wconf 87' lang='lat' dir='ltr'><strong>mirum</strong></span> <span class='ocrx_word' id='word_1_364' title='bbox 773 3025 1046 3072; x_wconf 86' lang='lat' dir='ltr'><strong>remissione</strong></span> <span class='ocrx_word' id='word_1_365' title='bbox 1069 3024 1276 3071; x_wconf 86' lang='lat' dir='ltr'><strong>animum</strong></span> <span class='ocrx_word' id='word_1_366' title='bbox 1302 3022 1509 3087; x_wconf 87' lang='lat' dir='ltr'><strong>frangi.</strong></span> <span class='ocrx_word' id='word_1_367' title='bbox 1541 3023 1702 3073; x_wconf 81' lang='lat' dir='ltr'><strong>Quare</strong></span> <span class='ocrx_word' id='word_1_368' title='bbox 1725 3031 1776 3071; x_wconf 88' lang='lat' dir='ltr'><strong>et</strong></span> <span class='ocrx_word' id='word_1_369' title='bbox 1796 3030 1978 3071; x_wconf 84' lang='lat' dir='ltr'><strong>crescet</strong></span> <span class='ocrx_word' id='word_1_370' title='bbox 1998 3022 2165 3097; x_wconf 68' lang='lat' dir='ltr'><strong>olatio,</strong></span> <span class='ocrx_word' id='word_1_371' title='bbox 2188 3031 2240 3070; x_wconf 89' lang='lat' dir='ltr'><strong>et</strong></span> 
     </span>
     <span class='ocr_line' id='line_1_46' title="bbox 507 3087 2240 3154; baseline 0.001 -19"><span class='ocrx_word' id='word_1_372' title='bbox 507 3087 618 3139; x_wconf 81' lang='lat' dir='ltr'><strong>talis</strong></span> <span class='ocrx_word' id='word_1_373' title='bbox 639 3098 723 3143; x_wconf 89' lang='lat' dir='ltr'><strong>est,</strong></span> <span class='ocrx_word' id='word_1_374' title='bbox 747 3098 801 3135; x_wconf 90' lang='lat' dir='ltr'><strong>ut</strong></span> <span class='ocrx_word' id='word_1_375' title='bbox 823 3089 989 3152; x_wconf 82' lang='lat' dir='ltr'><strong>quavis</strong></span> <span class='ocrx_word' id='word_1_376' title='bbox 1011 3089 1186 3154; x_wconf 87' lang='lat' dir='ltr'><strong>pedum</strong></span> <span class='ocrx_word' id='word_1_377' title='bbox 1208 3088 1514 3152; x_wconf 80' lang='lat' dir='ltr'><strong>dispositione</strong></span> <span class='ocrx_word' id='word_1_378' title='bbox 1535 3089 1692 3154; x_wconf 81' lang='lat' dir='ltr'><strong>potior</strong></span> <span class='ocrx_word' id='word_1_379' title='bbox 1714 3089 1787 3137; x_wconf 86' lang='lat' dir='ltr'><strong>sit.</strong></span> <span class='ocrx_word' id='word_1_380' title='bbox 1838 3089 1915 3137; x_wconf 88' lang='lat' dir='ltr'><strong>Ita</strong></span> <span class='ocrx_word' id='word_1_381' title='bbox 1935 3087 2121 3137; x_wconf 80' lang='lat' dir='ltr'><strong>curiosa</strong></span> <span class='ocrx_word' id='word_1_382' title='bbox 2135 3088 2240 3139; x_wconf 76' lang='lat' dir='ltr'><strong>haee</strong></span> 
     </span>
     <span class='ocr_line' id='line_1_47' title="bbox 510 3154 1444 3236; baseline 0.002 -34"><span class='ocrx_word' id='word_1_383' title='bbox 510 3154 702 3218; x_wconf 86' lang='lat' dir='ltr'><strong>ingenia</strong></span> <span class='ocrx_word' id='word_1_384' title='bbox 725 3170 1051 3228; x_wconf 79' lang='lat' dir='ltr'><strong>saepenumero</strong></span> <span class='ocrx_word' id='word_1_385' title='bbox 1064 3155 1444 3236; x_wconf 64' lang='lat' dir='ltr'><strong>judiciecarent.</strong></span> 
     </span>
    </p>

    <p class='ocr_par' dir='ltr' id='par_1_19' title="bbox 510 3218 2241 3618">
     <span class='ocr_line' id='line_1_48' title="bbox 575 3218 2241 3286; baseline 0.001 -19"><span class='ocrx_word' id='word_1_386' title='bbox 575 3219 652 3267; x_wconf 85' lang='lat' dir='ltr'><strong>De</strong></span> <span class='ocrx_word' id='word_1_387' title='bbox 675 3222 965 3268; x_wconf 87' lang='lat' dir='ltr'><strong>comicorum</strong></span> <span class='ocrx_word' id='word_1_388' title='bbox 988 3237 1210 3269; x_wconf 87' lang='lat' dir='ltr'><strong>versuum</strong></span> <span class='ocrx_word' id='word_1_389' title='bbox 1240 3219 1454 3276; x_wconf 85' lang='lat' dir='ltr'><strong>materia,</strong></span> <span class='ocrx_word' id='word_1_390' title='bbox 1488 3219 1790 3286; x_wconf 83' lang='lat' dir='ltr'><strong>partiumque</strong></span> <span class='ocrx_word' id='word_1_391' title='bbox 1810 3219 2094 3283; x_wconf 83' lang='lat' dir='ltr'><strong>quantitate,</strong></span> <span class='ocrx_word' id='word_1_392' title='bbox 2126 3218 2241 3269; x_wconf 67' lang='lat' dir='ltr'><strong>satit</strong></span> 
     </span>
     <span class='ocr_line' id='line_1_49' title="bbox 511 3284 2242 3360; baseline 0.001 -28"><span class='ocrx_word' id='word_1_393' title='bbox 511 3284 803 3349; x_wconf 81' lang='lat' dir='ltr'><strong>disputatum</strong></span> <span class='ocrx_word' id='word_1_394' title='bbox 825 3294 929 3345; x_wconf 83' lang='lat' dir='ltr'><strong>est3</strong></span> <span class='ocrx_word' id='word_1_395' title='bbox 965 3287 1059 3333; x_wconf 88' lang='lat' dir='ltr'><strong>de</strong></span> <span class='ocrx_word' id='word_1_396' title='bbox 1050 3303 1255 3350; x_wconf 79' lang='lat' dir='ltr'><strong>ipsarum</strong></span> <span class='ocrx_word' id='word_1_397' title='bbox 1279 3288 1484 3350; x_wconf 84' lang='lat' dir='ltr'><strong>partium</strong></span> <span class='ocrx_word' id='word_1_398' title='bbox 1507 3303 1707 3334; x_wconf 78' lang='lat' dir='ltr'><strong>numero</strong></span> <span class='ocrx_word' id='word_1_399' title='bbox 1738 3284 1975 3360; x_wconf 84' lang='lat' dir='ltr'><strong>deinceps</strong></span> <span class='ocrx_word' id='word_1_400' title='bbox 1985 3285 2242 3335; x_wconf 75' lang='lat' dir='ltr'><strong>videamus.</strong></span> 
     </span>
     <span class='ocr_line' id='line_1_50' title="bbox 510 3349 2237 3416; baseline 0.001 -18"><span class='ocrx_word' id='word_1_401' title='bbox 510 3350 771 3414; x_wconf 87' lang='lat' dir='ltr'><strong>Principio,</strong></span> <span class='ocrx_word' id='word_1_402' title='bbox 793 3349 916 3416; x_wconf 87' lang='lat' dir='ltr'><strong>quod</strong></span> <span class='ocrx_word' id='word_1_403' title='bbox 942 3361 1082 3399; x_wconf 86' lang='lat' dir='ltr'><strong>antea</strong></span> <span class='ocrx_word' id='word_1_404' title='bbox 1107 3353 1154 3398; x_wconf 87' lang='lat' dir='ltr'><strong>in</strong></span> <span class='ocrx_word' id='word_1_405' title='bbox 1178 3353 1308 3399; x_wconf 88' lang='lat' dir='ltr'><strong>libris</strong></span> <span class='ocrx_word' id='word_1_406' title='bbox 1331 3354 1408 3401; x_wconf 84' lang='lat' dir='ltr'><strong>De</strong></span> <span class='ocrx_word' id='word_1_407' title='bbox 1426 3355 1539 3401; x_wconf 81' lang='lat' dir='ltr'><strong>Arte</strong></span> <span class='ocrx_word' id='word_1_408' title='bbox 1560 3351 1753 3400; x_wconf 75' lang='lat' dir='ltr'><strong>Poe&#39;ticci</strong></span> <span class='ocrx_word' id='word_1_409' title='bbox 1767 3350 2034 3409; x_wconf 83' lang='lat' dir='ltr'><strong>statuimus,</strong></span> <span class='ocrx_word' id='word_1_410' title='bbox 2058 3350 2139 3400; x_wconf 80' lang='lat' dir='ltr'><strong>hic</strong></span> <span class='ocrx_word' id='word_1_411' title='bbox 2161 3366 2237 3399; x_wconf 70' lang='lat' dir='ltr'><strong>m·</strong></span> 
     </span>
     <span class='ocr_line' id='line_1_51' title="bbox 512 3415 2239 3481; baseline 0.002 -19"><span class='ocrx_word' id='word_1_412' title='bbox 512 3418 774 3479; x_wconf 86' lang='lat' dir='ltr'><strong>petendum</strong></span> <span class='ocrx_word' id='word_1_413' title='bbox 797 3426 885 3465; x_wconf 90' lang='lat' dir='ltr'><strong>est.</strong></span> <span class='ocrx_word' id='word_1_414' title='bbox 950 3417 1126 3465; x_wconf 88' lang='lat' dir='ltr'><strong>Versus</strong></span> <span class='ocrx_word' id='word_1_415' title='bbox 1160 3433 1246 3481; x_wconf 90' lang='lat' dir='ltr'><strong>per</strong></span> <span class='ocrx_word' id='word_1_416' title='bbox 1279 3420 1414 3466; x_wconf 78' lang='lat' dir='ltr'><strong>initia</strong></span> <span class='ocrx_word' id='word_1_417' title='bbox 1444 3427 1604 3466; x_wconf 86' lang='lat' dir='ltr'><strong>curtos</strong></span> <span class='ocrx_word' id='word_1_418' title='bbox 1630 3417 1787 3473; x_wconf 79' lang='lat' dir='ltr'><strong>fuisse,</strong></span> <span class='ocrx_word' id='word_1_419' title='bbox 1823 3415 2010 3466; x_wconf 83' lang='lat' dir='ltr'><strong>duobus</strong></span> <span class='ocrx_word' id='word_1_420' title='bbox 2032 3417 2092 3466; x_wconf 80' lang='lat' dir='ltr'><strong>ad</strong></span> <span class='ocrx_word' id='word_1_421' title='bbox 2112 3430 2239 3466; x_wconf 67' lang='lat' dir='ltr'><strong>zum-</strong></span> 
     </span>
     <span class='ocr_line' id='line_1_52' title="bbox 511 3482 2236 3558; baseline -0.001 -29"><span class='ocrx_word' id='word_1_422' title='bbox 511 3494 646 3530; x_wconf 84' lang='lat' dir='ltr'><strong>mum</strong></span> <span class='ocrx_word' id='word_1_423' title='bbox 679 3490 925 3531; x_wconf 87' lang='lat' dir='ltr'><strong>contentos</strong></span> <span class='ocrx_word' id='word_1_424' title='bbox 957 3482 1296 3548; x_wconf 80' lang='lat' dir='ltr'><strong>pedibus.1d</strong></span> <span class='ocrx_word' id='word_1_425' title='bbox 1330 3483 1456 3548; x_wconf 89' lang='lat' dir='ltr'><strong>quod</strong></span> <span class='ocrx_word' id='word_1_426' title='bbox 1490 3494 1539 3531; x_wconf 90' lang='lat' dir='ltr'><strong>et</strong></span> <span class='ocrx_word' id='word_1_427' title='bbox 1571 3485 1753 3532; x_wconf 81' lang='lat' dir='ltr'><strong>ratione</strong></span> <span class='ocrx_word' id='word_1_428' title='bbox 1786 3482 2236 3558; x_wconf 75' lang='lat' dir='ltr'><strong>comprehenditur·</strong></span> 
     </span>
     <span class='ocr_line' id='line_1_53' title="bbox 513 3545 2239 3618; baseline 0.001 -24"><span class='ocrx_word' id='word_1_429' title='bbox 513 3546 746 3613; x_wconf 84' lang='lat' dir='ltr'><strong>siquidem</strong></span> <span class='ocrx_word' id='word_1_430' title='bbox 769 3557 926 3613; x_wconf 82' lang='lat' dir='ltr'><strong>partes</strong></span> <span class='ocrx_word' id='word_1_431' title='bbox 947 3557 1046 3598; x_wconf 82' lang='lat' dir='ltr'><strong>toto</strong></span> <span class='ocrx_word' id='word_1_432' title='bbox 1069 3564 1266 3614; x_wconf 78' lang='lat' dir='ltr'><strong>corpore</strong></span> <span class='ocrx_word' id='word_1_433' title='bbox 1288 3550 1468 3615; x_wconf 87' lang='lat' dir='ltr'><strong>priores</strong></span> <span class='ocrx_word' id='word_1_434' title='bbox 1489 3558 1623 3600; x_wconf 83' lang='lat' dir='ltr'><strong>sunt:</strong></span> <span class='ocrx_word' id='word_1_435' title='bbox 1657 3558 1708 3599; x_wconf 83' lang='lat' dir='ltr'><strong>et</strong></span> <span class='ocrx_word' id='word_1_436' title='bbox 1727 3550 1994 3618; x_wconf 79' lang='lat' dir='ltr'><strong>exemplis.</strong></span> <span class='ocrx_word' id='word_1_437' title='bbox 2024 3545 2239 3600; x_wconf 74' lang='lat' dir='ltr'><strong>sinenim</strong></span> 
     </span>
    </p>
   </div>
  </div>
 </body>
</html>
