<?xml version="1.0" encoding="UTF-8"?>
<!DOCTYPE html PUBLIC "-//W3C//DTD XHTML 1.0 Transitional//EN"
    "http://www.w3.org/TR/xhtml1/DTD/xhtml1-transitional.dtd">
<html xmlns="http://www.w3.org/1999/xhtml" xml:lang="en" lang="en">
 <head>
  <title>
</title>
<meta http-equiv="Content-Type" content="text/html;charset=utf-8" />
  <meta name='ocr-system' content='tesseract 3.04.00' />
  <meta name='ocr-capabilities' content='ocr_page ocr_carea ocr_par ocr_line ocrx_word'/>
</head>
<body>
  <div class='ocr_page' id='page_1' title='image "./comoediaesexinte00tereuoft_0315.png"; bbox 0 0 2314 3944; ppageno 0'>
   <div class='ocr_carea' id='block_1_1' title="bbox 777 116 1551 212">
    <p class='ocr_par' dir='ltr' id='par_1_1' title="bbox 777 116 1551 212">
     <span class='ocr_line' id='line_1_1' title="bbox 777 116 1551 212; baseline 0.001 -37"><span class='ocrx_word' id='word_1_1' title='bbox 777 116 1010 175; x_wconf 82' lang='lat' dir='ltr'><strong><em>ACTUS</em></strong></span> <span class='ocrx_word' id='word_1_2' title='bbox 1047 118 1116 175; x_wconf 91' lang='lat' dir='ltr'><strong>II.</strong></span> <span class='ocrx_word' id='word_1_3' title='bbox 1189 121 1422 212; x_wconf 65' lang='lat' dir='ltr'><strong>SCENA</strong></span> <span class='ocrx_word' id='word_1_4' title='bbox 1460 119 1551 176; x_wconf 82' lang='lat' dir='ltr'><strong>lv.</strong></span> 
     </span>
    </p>
   </div>
   <div class='ocr_carea' id='block_1_2' title="bbox 131 261 1561 557">
    <p class='ocr_par' dir='ltr' id='par_1_2' title="bbox 131 261 1561 320">
     <span class='ocr_line' id='line_1_2' title="bbox 131 261 1561 320; baseline 0.001 -2"><span class='ocrx_word' id='word_1_5' title='bbox 131 263 196 318; x_wconf 88' lang='lat' dir='ltr'><strong>In</strong></span> <span class='ocrx_word' id='word_1_6' title='bbox 219 274 329 320; x_wconf 82' lang='lat' dir='ltr'><strong>tuto</strong></span> <span class='ocrx_word' id='word_1_7' title='bbox 350 275 425 320; x_wconf 88' lang='lat' dir='ltr'><strong>est</strong></span> <span class='ocrx_word' id='word_1_8' title='bbox 446 261 612 318; x_wconf 86' lang='lat' dir='ltr'><strong>omnis</strong></span> <span class='ocrx_word' id='word_1_9' title='bbox 636 280 743 319; x_wconf 87' lang='lat' dir='ltr'><strong>res:</strong></span> <span class='ocrx_word' id='word_1_10' title='bbox 782 264 960 318; x_wconf 88' lang='lat' dir='ltr'><strong>omitte</strong></span> <span class='ocrx_word' id='word_1_11' title='bbox 986 265 1102 318; x_wconf 77' lang='lat' dir='ltr'><strong>vero</strong></span> <span class='ocrx_word' id='word_1_12' title='bbox 1126 264 1377 318; x_wconf 86' lang='lat' dir='ltr'><strong>tristitiam</strong></span> <span class='ocrx_word' id='word_1_13' title='bbox 1403 275 1561 320; x_wconf 90' lang='lat' dir='ltr'><strong>tuam.</strong></span> 
     </span>
    </p>

    <p class='ocr_par' dir='ltr' id='par_1_3' title="bbox 138 336 1561 461">
     <span class='ocr_line' id='line_1_3' title="bbox 138 336 1561 408; baseline 0.001 -19"><span class='ocrx_word' id='word_1_14' title='bbox 138 336 215 393; x_wconf 82' lang='lat' dir='ltr'><strong>Ct.</strong></span> <span class='ocrx_word' id='word_1_15' title='bbox 253 339 395 408; x_wconf 89' lang='lat' dir='ltr'><strong>Ego</strong></span> <span class='ocrx_word' id='word_1_16' title='bbox 392 338 533 390; x_wconf 88' lang='lat' dir='ltr'><strong>illam</strong></span> <span class='ocrx_word' id='word_1_17' title='bbox 557 337 674 388; x_wconf 77' lang='lat' dir='ltr'><strong>vero</strong></span> <span class='ocrx_word' id='word_1_18' title='bbox 697 337 894 401; x_wconf 84' lang='lat' dir='ltr'><strong>omitto,</strong></span> <span class='ocrx_word' id='word_1_19' title='bbox 931 337 1020 406; x_wconf 92' lang='lat' dir='ltr'><strong>qui</strong></span> <span class='ocrx_word' id='word_1_20' title='bbox 1044 337 1250 407; x_wconf 86' lang='lat' dir='ltr'><strong>quidem</strong></span> <span class='ocrx_word' id='word_1_21' title='bbox 1271 347 1322 389; x_wconf 89' lang='lat' dir='ltr'><strong>te</strong></span> <span class='ocrx_word' id='word_1_22' title='bbox 1346 337 1561 391; x_wconf 86' lang='lat' dir='ltr'><strong>habeam</strong></span> 
     </span>
     <span class='ocr_line' id='line_1_4' title="bbox 273 408 975 462; baseline -0.001 -2"><span class='ocrx_word' id='word_1_23' title='bbox 273 410 511 462; x_wconf 87' lang='lat' dir='ltr'><strong>fratrem:</strong></span> <span class='ocrx_word' id='word_1_24' title='bbox 549 410 581 460; x_wconf 83' lang='grc' dir='ltr'>ὃ</span> <span class='ocrx_word' id='word_1_25' title='bbox 603 408 677 459; x_wconf 88' lang='lat' dir='ltr'><strong>mi</strong></span> <span class='ocrx_word' id='word_1_26' title='bbox 701 408 975 460; x_wconf 86' lang='lat' dir='ltr'><strong>AEsehine!</strong></span> 
     </span>
    </p>

    <p class='ocr_par' dir='ltr' id='par_1_4' title="bbox 131 478 1559 557">
     <span class='ocr_line' id='line_1_5' title="bbox 131 478 1559 557; baseline -0.001 -22.999"><span class='ocrx_word' id='word_1_27' title='bbox 131 481 183 534; x_wconf 91' lang='lat' dir='ltr'>O</span> <span class='ocrx_word' id='word_1_28' title='bbox 207 479 278 533; x_wconf 87' lang='lat' dir='ltr'><strong>mi</strong></span> <span class='ocrx_word' id='word_1_29' title='bbox 275 479 570 557; x_wconf 82' lang='lat' dir='ltr'>germane!</span> <span class='ocrx_word' id='word_1_30' title='bbox 610 480 673 530; x_wconf 85' lang='lat' dir='ltr'><strong>ah</strong></span> <span class='ocrx_word' id='word_1_31' title='bbox 701 497 870 531; x_wconf 88' lang='lat' dir='ltr'><strong>vereor</strong></span> <span class='ocrx_word' id='word_1_32' title='bbox 894 497 1063 531; x_wconf 87' lang='lat' dir='ltr'><strong>eoram</strong></span> <span class='ocrx_word' id='word_1_33' title='bbox 1099 478 1153 530; x_wconf 89' lang='lat' dir='ltr'><strong>in</strong></span> <span class='ocrx_word' id='word_1_34' title='bbox 1178 497 1232 530; x_wconf 93' lang='lat' dir='ltr'><strong>os</strong></span> <span class='ocrx_word' id='word_1_35' title='bbox 1269 488 1319 530; x_wconf 89' lang='lat' dir='ltr'><strong>te</strong></span> <span class='ocrx_word' id='word_1_36' title='bbox 1356 480 1559 533; x_wconf 88' lang='lat' dir='ltr'><strong>laudare</strong></span> 
     </span>
    </p>
   </div>
   <div class='ocr_carea' id='block_1_3' title="bbox 271 542 1558 621">
    <p class='ocr_par' dir='ltr' id='par_1_5' title="bbox 271 542 1558 621">
     <span class='ocr_line' id='line_1_6' title="bbox 271 542 1558 621; baseline 0.003 -19"><span class='ocrx_word' id='word_1_37' title='bbox 271 542 504 621; x_wconf 69' lang='lat' dir='ltr'><strong>amplius,</strong></span> <span class='ocrx_word' id='word_1_38' title='bbox 1526 557 1558 606; x_wconf 85' lang='lat'><strong><em>5</em></strong></span> 
     </span>
    </p>
   </div>
   <div class='ocr_carea' id='block_1_4' title="bbox 127 620 1577 709">
    <p class='ocr_par' dir='ltr' id='par_1_6' title="bbox 127 620 1577 709">
     <span class='ocr_line' id='line_1_7' title="bbox 127 620 1577 709; baseline -0.006 -34"><span class='ocrx_word' id='word_1_39' title='bbox 127 620 215 675; x_wconf 81' lang='lat' dir='ltr'><strong>Ne</strong></span> <span class='ocrx_word' id='word_1_40' title='bbox 238 620 293 673; x_wconf 91' lang='lat' dir='ltr'><strong>id</strong></span> <span class='ocrx_word' id='word_1_41' title='bbox 324 622 605 674; x_wconf 82' lang='lat' dir='ltr'><strong>assentandi</strong></span> <span class='ocrx_word' id='word_1_42' title='bbox 630 622 807 691; x_wconf 76' lang='lat' dir='ltr'><strong>magiS,</strong></span> <span class='ocrx_word' id='word_1_43' title='bbox 839 641 990 692; x_wconf 85' lang='lat' dir='ltr'><strong>quam</strong></span> <span class='ocrx_word' id='word_1_44' title='bbox 1027 621 1164 690; x_wconf 75' lang='lat' dir='ltr'><strong>quod</strong></span> <span class='ocrx_word' id='word_1_45' title='bbox 1204 621 1419 709; x_wconf 84' lang='lat' dir='ltr'><strong>habeam</strong></span> <span class='ocrx_word' id='word_1_46' title='bbox 1446 640 1577 691; x_wconf 20' lang='lat' dir='ltr'><strong>gra-,⁷</strong></span> 
     </span>
    </p>
   </div>
   <div class='ocr_carea' id='block_1_5' title="bbox 8 694 1559 978">
    <p class='ocr_par' dir='ltr' id='par_1_7' title="bbox 8 694 1559 978">
     <span class='ocr_line' id='line_1_8' title="bbox 268 694 895 759; baseline -0.01 -13"><span class='ocrx_word' id='word_1_47' title='bbox 268 702 399 759; x_wconf 86' lang='lat' dir='ltr'><strong>tum,</strong></span> <span class='ocrx_word' id='word_1_48' title='bbox 417 696 586 746; x_wconf 81' lang='lat' dir='ltr'><strong>facere</strong></span> <span class='ocrx_word' id='word_1_49' title='bbox 611 694 895 747; x_wconf 81' lang='lat' dir='ltr'><strong>existumes.</strong></span> 
     </span>
     <span class='ocr_line' id='line_1_9' title="bbox 129 762 1559 834; baseline -0.001 -16"><span class='ocrx_word' id='word_1_50' title='bbox 129 763 238 819; x_wconf 84' lang='lat' dir='ltr'><strong>AEs.</strong></span> <span class='ocrx_word' id='word_1_51' title='bbox 274 767 402 834; x_wconf 85' lang='lat' dir='ltr'>Age,</span> <span class='ocrx_word' id='word_1_52' title='bbox 428 767 614 834; x_wconf 85' lang='lat' dir='ltr'><strong>inepte,</strong></span> <span class='ocrx_word' id='word_1_53' title='bbox 652 764 794 834; x_wconf 84' lang='lat' dir='ltr'>quasi</span> <span class='ocrx_word' id='word_1_54' title='bbox 816 782 953 816; x_wconf 89' lang='lat' dir='ltr'><strong>nune</strong></span> <span class='ocrx_word' id='word_1_55' title='bbox 978 780 1097 819; x_wconf 90' lang='lat' dir='ltr'><strong>non</strong></span> <span class='ocrx_word' id='word_1_56' title='bbox 1107 762 1328 815; x_wconf 75' lang='lat' dir='ltr'><strong>norimus</strong></span> <span class='ocrx_word' id='word_1_57' title='bbox 1354 781 1443 816; x_wconf 90' lang='lat' dir='ltr'><strong>nos</strong></span> <span class='ocrx_word' id='word_1_58' title='bbox 1479 764 1559 817; x_wconf 88' lang='lat' dir='ltr'><strong>in-</strong></span> 
     </span>
     <span class='ocr_line' id='line_1_10' title="bbox 8 838 752 906; baseline 0.003 -19"><span class='ocrx_word' id='word_1_59' title='bbox 8 872 9 875; x_wconf 26' lang='lat'><em>*</em></span> <span class='ocrx_word' id='word_1_60' title='bbox 205 849 215 855; x_wconf 84' lang='grc'><em>·</em></span> <span class='ocrx_word' id='word_1_61' title='bbox 270 845 346 888; x_wconf 92' lang='lat' dir='ltr'><strong>ter</strong></span> <span class='ocrx_word' id='word_1_62' title='bbox 370 856 475 901; x_wconf 79' lang='lat' dir='ltr'><strong>nOS,</strong></span> <span class='ocrx_word' id='word_1_63' title='bbox 496 838 752 906; x_wconf 78' lang='lat' dir='ltr'><strong>Ctesipho,</strong></span> 
     </span>
     <span class='ocr_line' id='line_1_11' title="bbox 18 905 1558 978; baseline -0.001 -17"><span class='ocrx_word' id='word_1_64' title='bbox 18 936 38 944; x_wconf 38' lang='grc' dir='ltr'><em>κ</em></span> <span class='ocrx_word' id='word_1_65' title='bbox 125 906 249 977; x_wconf 85' lang='lat' dir='ltr'><strong>Hoc</strong></span> <span class='ocrx_word' id='word_1_66' title='bbox 274 909 402 960; x_wconf 91' lang='lat' dir='ltr'><strong>mihi</strong></span> <span class='ocrx_word' id='word_1_67' title='bbox 426 909 579 973; x_wconf 86' lang='lat' dir='ltr'><strong>dolet,</strong></span> <span class='ocrx_word' id='word_1_68' title='bbox 612 926 703 960; x_wconf 89' lang='lat' dir='ltr'><strong>nos</strong></span> <span class='ocrx_word' id='word_1_69' title='bbox 744 905 873 978; x_wconf 62' lang='lat' dir='ltr'><strong>pene</strong></span> <span class='ocrx_word' id='word_1_70' title='bbox 907 906 1015 958; x_wconf 75' lang='lat' dir='ltr'><strong>sero</strong></span> <span class='ocrx_word' id='word_1_71' title='bbox 1047 907 1212 972; x_wconf 75' lang='lat' dir='ltr'><strong>scisse,</strong></span> <span class='ocrx_word' id='word_1_72' title='bbox 1249 915 1301 958; x_wconf 92' lang='lat' dir='ltr'><strong>et</strong></span> <span class='ocrx_word' id='word_1_73' title='bbox 1335 907 1518 977; x_wconf 72' lang='lat' dir='ltr'><strong>pene</strong></span> <span class='ocrx_word' id='word_1_74' title='bbox 1503 926 1558 960; x_wconf 78' lang='lat' dir='ltr'><strong>in</strong></span> 
     </span>
    </p>
   </div>
   <div class='ocr_carea' id='block_1_6' title="bbox 125 981 1558 1264">
    <p class='ocr_par' dir='ltr' id='par_1_8' title="bbox 269 981 584 1033">
     <span class='ocr_line' id='line_1_12' title="bbox 269 981 584 1033; baseline 0.003 -3"><span class='ocrx_word' id='word_1_75' title='bbox 269 997 388 1033; x_wconf 90' lang='lat' dir='ltr'><strong>eum</strong></span> <span class='ocrx_word' id='word_1_76' title='bbox 412 981 584 1031; x_wconf 87' lang='lat' dir='ltr'><strong>locum</strong></span> 
     </span>
    </p>

    <p class='ocr_par' dir='ltr' id='par_1_9' title="bbox 125 1047 1558 1174">
     <span class='ocr_line' id='line_1_13' title="bbox 125 1047 1558 1154; baseline 0 -51"><span class='ocrx_word' id='word_1_77' title='bbox 125 1049 369 1115; x_wconf 88' lang='lat' dir='ltr'><strong>Rediisse,</strong></span> <span class='ocrx_word' id='word_1_78' title='bbox 393 1061 465 1117; x_wconf 91' lang='lat' dir='ltr'><strong>ut,</strong></span> <span class='ocrx_word' id='word_1_79' title='bbox 488 1051 531 1102; x_wconf 85' lang='lat' dir='ltr'><strong>si</strong></span> <span class='ocrx_word' id='word_1_80' title='bbox 563 1067 739 1102; x_wconf 89' lang='lat' dir='ltr'><strong>omnes</strong></span> <span class='ocrx_word' id='word_1_81' title='bbox 776 1057 1034 1120; x_wconf 87' lang='lat' dir='ltr'><strong>cuperent,</strong></span> <span class='ocrx_word' id='word_1_82' title='bbox 1060 1047 1189 1154; x_wconf 84' lang='lat' dir='ltr'><strong>nihil</strong></span> <span class='ocrx_word' id='word_1_83' title='bbox 1227 1048 1322 1102; x_wconf 88' lang='lat' dir='ltr'><strong>tibi</strong></span> <span class='ocrx_word' id='word_1_84' title='bbox 1354 1060 1558 1120; x_wconf 79' lang='lat' dir='ltr'>possent</span> 
     </span>
     <span class='ocr_line' id='line_1_14' title="bbox 267 1121 567 1174; baseline 0 0"><span class='ocrx_word' id='word_1_85' title='bbox 267 1121 567 1174; x_wconf 83' lang='lat' dir='ltr'><strong>auxiliarier.</strong></span> 
     </span>
    </p>

    <p class='ocr_par' dir='ltr' id='par_1_10' title="bbox 129 1150 1554 1264">
     <span class='ocr_line' id='line_1_15' title="bbox 129 1150 1554 1264; baseline -0.001 -18"><span class='ocrx_word' id='word_1_86' title='bbox 129 1193 210 1246; x_wconf 85' lang='lat' dir='ltr'><strong>C&#39;t.</strong></span> <span class='ocrx_word' id='word_1_87' title='bbox 249 1192 492 1246; x_wconf 77' lang='lat' dir='ltr'><strong>Pudebat.</strong></span> <span class='ocrx_word' id='word_1_88' title='bbox 530 1193 639 1245; x_wconf 82' lang='lat' dir='ltr'><strong>AEs.</strong></span> <span class='ocrx_word' id='word_1_89' title='bbox 663 1192 746 1258; x_wconf 86' lang='lat' dir='ltr'><strong>ab,</strong></span> <span class='ocrx_word' id='word_1_90' title='bbox 784 1191 995 1244; x_wconf 87' lang='lat' dir='ltr'><strong>stultitia</strong></span> <span class='ocrx_word' id='word_1_91' title='bbox 1026 1201 1100 1244; x_wconf 90' lang='lat' dir='ltr'><strong>est</strong></span> <span class='ocrx_word' id='word_1_92' title='bbox 1122 1150 1278 1259; x_wconf 84' lang='lat' dir='ltr'><strong>istaec,</strong></span> <span class='ocrx_word' id='word_1_93' title='bbox 1315 1211 1416 1246; x_wconf 91' lang='lat' dir='ltr'><strong>non</strong></span> <span class='ocrx_word' id='word_1_94' title='bbox 1454 1213 1554 1264; x_wconf 40' lang='lat' dir='ltr'><strong>pu*</strong></span> 
     </span>
    </p>
   </div>
   <div class='ocr_carea' id='block_1_7' title="bbox 63 1264 1554 3179">
    <p class='ocr_par' dir='ltr' id='par_1_11' title="bbox 264 1264 1554 1334">
     <span class='ocr_line' id='line_1_16' title="bbox 264 1264 1554 1334; baseline 0.001 -18"><span class='ocrx_word' id='word_1_95' title='bbox 264 1264 372 1328; x_wconf 83' lang='lat' dir='ltr'><strong>dor,</strong></span> <span class='ocrx_word' id='word_1_96' title='bbox 396 1274 500 1319; x_wconf 89' lang='lat' dir='ltr'><strong>tam</strong></span> <span class='ocrx_word' id='word_1_97' title='bbox 525 1266 590 1315; x_wconf 91' lang='lat' dir='ltr'><strong>ob</strong></span> <span class='ocrx_word' id='word_1_98' title='bbox 614 1265 870 1334; x_wconf 83' lang='lat' dir='ltr'>parvolam</span> <span class='ocrx_word' id='word_1_99' title='bbox 1490 1272 1554 1317; x_wconf 89' lang='lat'><strong>10</strong></span> 
     </span>
    </p>

    <p class='ocr_par' dir='ltr' id='par_1_12' title="bbox 121 1333 1554 1408">
     <span class='ocr_line' id='line_1_17' title="bbox 121 1333 1554 1408; baseline 0 -19"><span class='ocrx_word' id='word_1_100' title='bbox 121 1334 254 1389; x_wconf 86' lang='lat' dir='ltr'><strong>Rem</strong></span> <span class='ocrx_word' id='word_1_101' title='bbox 297 1353 429 1405; x_wconf 90' lang='lat' dir='ltr'><strong>pene</strong></span> <span class='ocrx_word' id='word_1_102' title='bbox 469 1333 498 1387; x_wconf 78' lang='grc' dir='ltr'>ὲ</span> <span class='ocrx_word' id='word_1_103' title='bbox 539 1336 730 1404; x_wconf 66' lang='lat' dir='ltr'><strong>patria:</strong></span> <span class='ocrx_word' id='word_1_104' title='bbox 786 1345 931 1406; x_wconf 82' lang='lat' dir='ltr'>turpe</span> <span class='ocrx_word' id='word_1_105' title='bbox 978 1333 1137 1389; x_wconf 84' lang='lat' dir='ltr'><strong>dictu.</strong></span> <span class='ocrx_word' id='word_1_106' title='bbox 1208 1335 1347 1389; x_wconf 89' lang='lat' dir='ltr'>Deos</span> <span class='ocrx_word' id='word_1_107' title='bbox 1385 1354 1554 1408; x_wconf 80' lang='lat' dir='ltr'><strong>quaeso</strong></span> 
     </span>
    </p>

    <p class='ocr_par' dir='ltr' id='par_1_13' title="bbox 125 1408 1548 1620">
     <span class='ocr_line' id='line_1_18' title="bbox 184 1408 818 1477; baseline 0.002 -20"><span class='ocrx_word' id='word_1_108' title='bbox 184 1433 194 1445; x_wconf 92' lang='lat'><strong>.</strong></span> <span class='ocrx_word' id='word_1_109' title='bbox 265 1418 320 1458; x_wconf 90' lang='lat' dir='ltr'><strong>ut</strong></span> <span class='ocrx_word' id='word_1_110' title='bbox 345 1408 484 1459; x_wconf 86' lang='lat' dir='ltr'><strong>istaec</strong></span> <span class='ocrx_word' id='word_1_111' title='bbox 503 1409 818 1477; x_wconf 80' lang='lat' dir='ltr'><strong>prohibeant.</strong></span> 
     </span>
     <span class='ocr_line' id='line_1_19' title="bbox 125 1451 1548 1548; baseline 0.001 -16"><span class='ocrx_word' id='word_1_112' title='bbox 125 1477 205 1532; x_wconf 78' lang='lat' dir='ltr'><strong>Gt.</strong></span> <span class='ocrx_word' id='word_1_113' title='bbox 243 1477 471 1531; x_wconf 86' lang='lat' dir='ltr'><strong>Peccavi.</strong></span> <span class='ocrx_word' id='word_1_114' title='bbox 516 1478 621 1531; x_wconf 84' lang='lat' dir='ltr'><strong>AEs.</strong></span> <span class='ocrx_word' id='word_1_115' title='bbox 649 1479 772 1548; x_wconf 90' lang='lat' dir='ltr'><strong>quid</strong></span> <span class='ocrx_word' id='word_1_116' title='bbox 806 1477 881 1529; x_wconf 73' lang='lat' dir='ltr'><strong>ait</strong></span> <span class='ocrx_word' id='word_1_117' title='bbox 898 1464 1105 1530; x_wconf 87' lang='lat' dir='ltr'><strong>tandem</strong></span> <span class='ocrx_word' id='word_1_118' title='bbox 1140 1478 1286 1536; x_wconf 89' lang='lat' dir='ltr'><strong>nobis</strong></span> <span class='ocrx_word' id='word_1_119' title='bbox 1322 1451 1548 1533; x_wconf 82' lang='lat' dir='ltr'><strong>Sannio?</strong></span> 
     </span>
     <span class='ocr_line' id='line_1_20' title="bbox 152 1543 761 1620; baseline -0.009 -15"><span class='ocrx_word' id='word_1_120' title='bbox 152 1543 171 1551; x_wconf 33' lang='lat' dir='ltr'><strong>&#39;s</strong></span> <span class='ocrx_word' id='word_1_121' title='bbox 265 1549 354 1619; x_wconf 83' lang='grc'><strong><em>83].</em></strong></span> <span class='ocrx_word' id='word_1_122' title='bbox 370 1548 476 1620; x_wconf 84' lang='lat' dir='ltr'><strong>jam</strong></span> <span class='ocrx_word' id='word_1_123' title='bbox 504 1550 640 1602; x_wconf 90' lang='lat' dir='ltr'><strong>mitis</strong></span> <span class='ocrx_word' id='word_1_124' title='bbox 666 1561 761 1602; x_wconf 88' lang='lat' dir='ltr'><strong>est.</strong></span> 
     </span>
    </p>

    <p class='ocr_par' dir='ltr' id='par_1_14' title="bbox 123 1620 1551 1762">
     <span class='ocr_line' id='line_1_21' title="bbox 123 1620 1551 1690; baseline -0.001 -14"><span class='ocrx_word' id='word_1_125' title='bbox 123 1621 230 1676; x_wconf 80' lang='lat' dir='ltr'><strong>AEs.</strong></span> <span class='ocrx_word' id='word_1_126' title='bbox 264 1621 382 1690; x_wconf 86' lang='lat' dir='ltr'><strong>Ego</strong></span> <span class='ocrx_word' id='word_1_127' title='bbox 414 1621 478 1673; x_wconf 86' lang='lat' dir='ltr'><strong>ad</strong></span> <span class='ocrx_word' id='word_1_128' title='bbox 502 1623 668 1674; x_wconf 88' lang='lat' dir='ltr'><strong>forum</strong></span> <span class='ocrx_word' id='word_1_129' title='bbox 692 1620 794 1686; x_wconf 90' lang='lat' dir='ltr'><strong>ibo,</strong></span> <span class='ocrx_word' id='word_1_130' title='bbox 817 1631 874 1672; x_wconf 89' lang='lat' dir='ltr'><strong>ut</strong></span> <span class='ocrx_word' id='word_1_131' title='bbox 892 1621 1031 1673; x_wconf 87' lang='lat' dir='ltr'><strong>hunc</strong></span> <span class='ocrx_word' id='word_1_132' title='bbox 1054 1621 1339 1676; x_wconf 85' lang='lat' dir='ltr'>absolvam.</span> <span class='ocrx_word' id='word_1_133' title='bbox 1377 1631 1435 1675; x_wconf 88' lang='lat' dir='ltr'><strong>tu</strong></span> <span class='ocrx_word' id='word_1_134' title='bbox 1471 1622 1551 1675; x_wconf 88' lang='lat' dir='ltr'><strong>in-</strong></span> 
     </span>
     <span class='ocr_line' id='line_1_22' title="bbox 262 1692 938 1762; baseline 0.001 -18"><span class='ocrx_word' id='word_1_135' title='bbox 262 1693 423 1745; x_wconf 76' lang='lat' dir='ltr'><strong>troad</strong></span> <span class='ocrx_word' id='word_1_136' title='bbox 447 1693 608 1760; x_wconf 88' lang='lat' dir='ltr'><strong>illam,</strong></span> <span class='ocrx_word' id='word_1_137' title='bbox 633 1692 895 1762; x_wconf 87' lang='lat' dir='ltr'><strong>Ctesipho.</strong></span> <span class='ocrx_word' id='word_1_138' title='bbox 936 1708 938 1721; x_wconf 73' lang='lat'><em>³</em></span> 
     </span>
    </p>

    <p class='ocr_par' dir='ltr' id='par_1_15' title="bbox 123 1762 1551 1835">
     <span class='ocr_line' id='line_1_23' title="bbox 123 1762 1551 1835; baseline 0 -18"><span class='ocrx_word' id='word_1_139' title='bbox 123 1762 238 1818; x_wconf 85' lang='lat' dir='ltr'><strong>Sa.</strong></span> <span class='ocrx_word' id='word_1_140' title='bbox 234 1764 392 1834; x_wconf 84' lang='lat' dir='ltr'><strong>Syre,</strong></span> <span class='ocrx_word' id='word_1_141' title='bbox 417 1763 561 1818; x_wconf 90' lang='lat' dir='ltr'><strong>insta.</strong></span> <span class='ocrx_word' id='word_1_142' title='bbox 602 1763 658 1817; x_wconf 88' lang='lat' dir='ltr'><strong><em>S</em></strong></span> <span class='ocrx_word' id='word_1_143' title='bbox 642 1783 690 1832; x_wconf 73' lang='lat' dir='ltr'><em>J</em></span> <span class='ocrx_word' id='word_1_144' title='bbox 715 1782 926 1817; x_wconf 85' lang='lat' dir='ltr'><strong>eamus:</strong></span> <span class='ocrx_word' id='word_1_145' title='bbox 965 1781 1186 1835; x_wconf 88' lang='lat' dir='ltr'><strong>namque</strong></span> <span class='ocrx_word' id='word_1_146' title='bbox 1207 1763 1295 1816; x_wconf 88' lang='lat' dir='ltr'><strong>hic</strong></span> <span class='ocrx_word' id='word_1_147' title='bbox 1318 1773 1551 1835; x_wconf 84' lang='lat' dir='ltr'>properat</span> 
     </span>
    </p>

    <p class='ocr_par' dir='ltr' id='par_1_16' title="bbox 207 1835 1192 1917">
     <span class='ocr_line' id='line_1_24' title="bbox 207 1835 1192 1917; baseline 0 -29"><span class='ocrx_word' id='word_1_148' title='bbox 207 1860 210 1863; x_wconf 48' lang='lat'><strong>⁴</strong></span> <span class='ocrx_word' id='word_1_149' title='bbox 262 1836 316 1888; x_wconf 89' lang='lat' dir='ltr'><strong>in</strong></span> <span class='ocrx_word' id='word_1_150' title='bbox 342 1835 582 1917; x_wconf 89' lang='lat' dir='ltr'><strong>Cyprum.</strong></span> <span class='ocrx_word' id='word_1_151' title='bbox 622 1835 714 1888; x_wconf 78' lang='lat' dir='ltr'><strong>Sa.</strong></span> <span class='ocrx_word' id='word_1_152' title='bbox 739 1853 804 1887; x_wconf 88' lang='lat' dir='ltr'><strong>ne</strong></span> <span class='ocrx_word' id='word_1_153' title='bbox 824 1845 927 1887; x_wconf 85' lang='lat' dir='ltr'><strong>tarn</strong></span> <span class='ocrx_word' id='word_1_154' title='bbox 955 1835 1192 1905; x_wconf 90' lang='lat' dir='ltr'><strong>quidem·</strong></span> 
     </span>
    </p>

    <p class='ocr_par' dir='ltr' id='par_1_17' title="bbox 117 1905 1547 2031">
     <span class='ocr_line' id='line_1_25' title="bbox 117 1905 1547 1978; baseline -0.003 -14"><span class='ocrx_word' id='word_1_155' title='bbox 117 1907 364 1964; x_wconf 85' lang='lat' dir='ltr'><strong>Quamvis</strong></span> <span class='ocrx_word' id='word_1_156' title='bbox 388 1907 541 1960; x_wconf 89' lang='lat' dir='ltr'><strong>etiam</strong></span> <span class='ocrx_word' id='word_1_157' title='bbox 576 1924 760 1961; x_wconf 87' lang='lat' dir='ltr'><strong>maneo</strong></span> <span class='ocrx_word' id='word_1_158' title='bbox 793 1906 978 1959; x_wconf 87' lang='lat' dir='ltr'><strong>otiosus</strong></span> <span class='ocrx_word' id='word_1_159' title='bbox 1011 1906 1115 1960; x_wconf 68' lang='lat' dir='ltr'><strong>hie.</strong></span> <span class='ocrx_word' id='word_1_160' title='bbox 1170 1905 1257 1978; x_wconf 93' lang='grc'><strong><em>83].</em></strong></span> <span class='ocrx_word' id='word_1_161' title='bbox 1298 1907 1547 1973; x_wconf 81' lang='lat' dir='ltr'><strong>reddetur,</strong></span> 
     </span>
     <span class='ocr_line' id='line_1_26' title="bbox 258 1977 1543 2031; baseline 0 0"><span class='ocrx_word' id='word_1_162' title='bbox 258 1996 324 2031; x_wconf 90' lang='lat' dir='ltr'><strong>ne</strong></span> <span class='ocrx_word' id='word_1_163' title='bbox 348 1977 491 2031; x_wconf 90' lang='lat' dir='ltr'><strong>time.</strong></span> <span class='ocrx_word' id='word_1_164' title='bbox 1102 2006 1105 2008; x_wconf 35' lang='grc'><strong>“</strong></span> <span class='ocrx_word' id='word_1_165' title='bbox 1483 1986 1543 2031; x_wconf 91' lang='grc'><strong>15</strong></span> 
     </span>
    </p>

    <p class='ocr_par' dir='ltr' id='par_1_18' title="bbox 118 2012 1545 2192">
     <span class='ocr_line' id='line_1_27' title="bbox 118 2012 1545 2117; baseline -0.001 -12"><span class='ocrx_word' id='word_1_166' title='bbox 118 2049 211 2105; x_wconf 81' lang='lat' dir='ltr'><strong>Sa.</strong></span> <span class='ocrx_word' id='word_1_167' title='bbox 247 2051 320 2104; x_wconf 86' lang='lat' dir='ltr'><strong>At</strong></span> <span class='ocrx_word' id='word_1_168' title='bbox 349 2059 407 2102; x_wconf 90' lang='lat' dir='ltr'><strong>ut</strong></span> <span class='ocrx_word' id='word_1_169' title='bbox 429 2052 586 2105; x_wconf 70' lang='lat' dir='ltr'><strong>omne‘</strong></span> <span class='ocrx_word' id='word_1_170' title='bbox 616 2049 806 2104; x_wconf 88' lang='lat' dir='ltr'><strong>reddat.</strong></span> <span class='ocrx_word' id='word_1_171' title='bbox 883 2012 973 2117; x_wconf 71' lang='grc'><strong><em>83].</em></strong></span> <span class='ocrx_word' id='word_1_172' title='bbox 1010 2067 1165 2102; x_wconf 87' lang='lat' dir='ltr'><strong>omne</strong></span> <span class='ocrx_word' id='word_1_173' title='bbox 1190 2049 1396 2116; x_wconf 86' lang='lat' dir='ltr'><strong>reddet3</strong></span> <span class='ocrx_word' id='word_1_174' title='bbox 1433 2060 1545 2104; x_wconf 83' lang='lat' dir='ltr'><strong>tace</strong></span> 
     </span>
     <span class='ocr_line' id='line_1_28' title="bbox 259 2121 1297 2192; baseline -0.001 -19"><span class='ocrx_word' id='word_1_175' title='bbox 259 2121 429 2186; x_wconf 79' lang='lat' dir='ltr'><strong>modo,</strong></span> <span class='ocrx_word' id='word_1_176' title='bbox 453 2139 511 2173; x_wconf 89' lang='lat' dir='ltr'><strong>ac</strong></span> <span class='ocrx_word' id='word_1_177' title='bbox 532 2139 737 2191; x_wconf 84' lang='lat' dir='ltr'><strong>sequere</strong></span> <span class='ocrx_word' id='word_1_178' title='bbox 760 2122 874 2174; x_wconf 82' lang='lat' dir='ltr'><strong>hac.</strong></span> <span class='ocrx_word' id='word_1_179' title='bbox 915 2121 1006 2175; x_wconf 76' lang='lat' dir='ltr'><strong>Sa.</strong></span> <span class='ocrx_word' id='word_1_180' title='bbox 1029 2138 1225 2192; x_wconf 89' lang='lat' dir='ltr'><strong>sequor.</strong></span> <span class='ocrx_word' id='word_1_181' title='bbox 1291 2147 1297 2155; x_wconf 61' lang='grc'><em>’</em></span> 
     </span>
    </p>

    <p class='ocr_par' dir='ltr' id='par_1_19' title="bbox 121 2191 1546 2387">
     <span class='ocr_line' id='line_1_29' title="bbox 121 2191 1546 2262; baseline -0.001 -16"><span class='ocrx_word' id='word_1_182' title='bbox 121 2192 201 2246; x_wconf 88' lang='lat' dir='ltr'><strong>Ct.</strong></span> <span class='ocrx_word' id='word_1_183' title='bbox 235 2191 400 2258; x_wconf 82' lang='lat' dir='ltr'><strong>HeuS,</strong></span> <span class='ocrx_word' id='word_1_184' title='bbox 443 2193 585 2256; x_wconf 76' lang='lat' dir='ltr'><strong>heuS,</strong></span> <span class='ocrx_word' id='word_1_185' title='bbox 624 2191 765 2262; x_wconf 88' lang='lat' dir='ltr'><strong>Syre.</strong></span> <span class='ocrx_word' id='word_1_186' title='bbox 838 2192 926 2261; x_wconf 80' lang='lat' dir='ltr'><strong>Sy.</strong></span> <span class='ocrx_word' id='word_1_187' title='bbox 965 2192 1286 2262; x_wconf 66' lang='lat' dir='ltr'><strong>hem‚-qu1d.,</strong></span> <span class='ocrx_word' id='word_1_188' title='bbox 1307 2193 1416 2245; x_wconf 81' lang='lat' dir='ltr'><strong>est?</strong></span> <span class='ocrx_word' id='word_1_189' title='bbox 1462 2192 1546 2247; x_wconf 84' lang='lat' dir='ltr'><strong>Ct.</strong></span> 
     </span>
     <span class='ocr_line' id='line_1_30' title="bbox 254 2263 1542 2334; baseline 0.002 -20"><span class='ocrx_word' id='word_1_190' title='bbox 254 2264 463 2319; x_wconf 83' lang='lat' dir='ltr'><strong>obsecro</strong></span> <span class='ocrx_word' id='word_1_191' title='bbox 494 2264 666 2316; x_wconf 88' lang='lat' dir='ltr'><strong>hercle</strong></span> <span class='ocrx_word' id='word_1_192' title='bbox 689 2274 758 2331; x_wconf 88' lang='lat' dir='ltr'><strong>te,</strong></span> <span class='ocrx_word' id='word_1_193' title='bbox 780 2263 1044 2317; x_wconf 89' lang='lat' dir='ltr'><strong>hominem</strong></span> <span class='ocrx_word' id='word_1_194' title='bbox 1078 2263 1230 2316; x_wconf 86' lang='lat' dir='ltr'><strong>istum</strong></span> <span class='ocrx_word' id='word_1_195' title='bbox 1260 2263 1542 2334; x_wconf 79' lang='lat' dir='ltr'><strong>impurissi-</strong></span> 
     </span>
     <span class='ocr_line' id='line_1_31' title="bbox 257 2351 1066 2387; baseline -0.001 0"><span class='ocrx_word' id='word_1_196' title='bbox 257 2351 403 2387; x_wconf 88' lang='lat' dir='ltr'><strong>mum</strong></span> <span class='ocrx_word' id='word_1_197' title='bbox 1064 2351 1066 2360; x_wconf 91' lang='lat'>·</span> 
     </span>
    </p>

    <p class='ocr_par' dir='ltr' id='par_1_20' title="bbox 113 2405 1544 2528">
     <span class='ocr_line' id='line_1_32' title="bbox 113 2405 1544 2475; baseline 0.001 -18"><span class='ocrx_word' id='word_1_198' title='bbox 113 2405 287 2464; x_wconf 84' lang='lat' dir='ltr'><strong>Quam</strong></span> <span class='ocrx_word' id='word_1_199' title='bbox 322 2405 545 2475; x_wconf 85' lang='lat' dir='ltr'><strong>primum</strong></span> <span class='ocrx_word' id='word_1_200' title='bbox 581 2405 892 2473; x_wconf 84' lang='lat' dir='ltr'><strong>absolvitote,</strong></span> <span class='ocrx_word' id='word_1_201' title='bbox 928 2424 1010 2472; x_wconf 88' lang='lat' dir='ltr'><strong>ne,</strong></span> <span class='ocrx_word' id='word_1_202' title='bbox 1050 2405 1092 2459; x_wconf 87' lang='lat' dir='ltr'><strong>si</strong></span> <span class='ocrx_word' id='word_1_203' title='bbox 1131 2406 1290 2475; x_wconf 81' lang='lat' dir='ltr'><strong>magis</strong></span> <span class='ocrx_word' id='word_1_204' title='bbox 1327 2405 1544 2459; x_wconf 87' lang='lat' dir='ltr'><strong>irritatus</strong></span> 
     </span>
     <span class='ocr_line' id='line_1_33' title="bbox 251 2476 362 2541; baseline -0.011 -14"><span class='ocrx_word' id='word_1_205' title='bbox 251 2476 362 2541; x_wconf 90' lang='lat' dir='ltr'><strong>siet,</strong></span> 
     </span>
    </p>

    <p class='ocr_par' dir='ltr' id='par_1_21' title="bbox 110 2547 1538 2689">
     <span class='ocr_line' id='line_1_34' title="bbox 110 2547 1538 2635; baseline 0.001 -33"><span class='ocrx_word' id='word_1_206' title='bbox 110 2547 298 2617; x_wconf 88' lang='lat' dir='ltr'><strong>Aliqua</strong></span> <span class='ocrx_word' id='word_1_207' title='bbox 339 2547 403 2600; x_wconf 92' lang='lat' dir='ltr'><strong>ad</strong></span> <span class='ocrx_word' id='word_1_208' title='bbox 437 2557 632 2635; x_wconf 78' lang='lat' dir='ltr'><strong>patrem</strong></span> <span class='ocrx_word' id='word_1_209' title='bbox 664 2548 764 2601; x_wconf 88' lang='lat' dir='ltr'><strong>hoe</strong></span> <span class='ocrx_word' id='word_1_210' title='bbox 787 2556 1069 2620; x_wconf 87' lang='lat' dir='ltr'><strong>permanet,</strong></span> <span class='ocrx_word' id='word_1_211' title='bbox 1107 2558 1258 2621; x_wconf 90' lang='lat' dir='ltr'><strong>atque</strong></span> <span class='ocrx_word' id='word_1_212' title='bbox 1297 2567 1392 2618; x_wconf 87' lang='lat' dir='ltr'><strong>ego</strong></span> <span class='ocrx_word' id='word_1_213' title='bbox 1428 2559 1538 2603; x_wconf 87' lang='lat' dir='ltr'><strong>tum</strong></span> 
     </span>
     <span class='ocr_line' id='line_1_35' title="bbox 251 2620 771 2702; baseline 0.006 -33"><span class='ocrx_word' id='word_1_214' title='bbox 251 2620 493 2688; x_wconf 82' lang='lat' dir='ltr'><strong>perpetuo</strong></span> <span class='ocrx_word' id='word_1_215' title='bbox 516 2620 771 2702; x_wconf 53' lang='lat' dir='ltr'><strong>perierim:</strong></span> 
     </span>
    </p>

    <p class='ocr_par' dir='ltr' id='par_1_22' title="bbox 110 2689 1539 2827">
     <span class='ocr_line' id='line_1_36' title="bbox 110 2689 1539 2760; baseline 0.001 -17"><span class='ocrx_word' id='word_1_216' title='bbox 110 2689 197 2760; x_wconf 88' lang='grc'><strong><em>83].</em></strong></span> <span class='ocrx_word' id='word_1_217' title='bbox 233 2689 355 2743; x_wconf 89' lang='lat' dir='ltr'><strong>Non</strong></span> <span class='ocrx_word' id='word_1_218' title='bbox 378 2689 495 2743; x_wconf 86' lang='lat' dir='ltr'><strong>fiet:</strong></span> <span class='ocrx_word' id='word_1_219' title='bbox 533 2692 667 2742; x_wconf 87' lang='lat' dir='ltr'><strong>bono</strong></span> <span class='ocrx_word' id='word_1_220' title='bbox 689 2691 863 2743; x_wconf 86' lang='lat' dir='ltr'><strong>animo</strong></span> <span class='ocrx_word' id='word_1_221' title='bbox 888 2708 969 2742; x_wconf 87' lang='lat' dir='ltr'><strong>es:</strong></span> <span class='ocrx_word' id='word_1_222' title='bbox 1006 2699 1060 2742; x_wconf 89' lang='lat' dir='ltr'><strong>tu</strong></span> <span class='ocrx_word' id='word_1_223' title='bbox 1086 2709 1206 2744; x_wconf 85' lang='lat' dir='ltr'><strong>curn</strong></span> <span class='ocrx_word' id='word_1_224' title='bbox 1246 2691 1334 2744; x_wconf 72' lang='lat' dir='ltr'><strong>illa</strong></span> <span class='ocrx_word' id='word_1_225' title='bbox 1370 2698 1420 2743; x_wconf 90' lang='lat' dir='ltr'><strong>te</strong></span> <span class='ocrx_word' id='word_1_226' title='bbox 1458 2691 1539 2744; x_wconf 89' lang='lat' dir='ltr'><strong>in-</strong></span> 
     </span>
     <span class='ocr_line' id='line_1_37' title="bbox 248 2761 1539 2827; baseline 0.002 -14"><span class='ocrx_word' id='word_1_227' title='bbox 248 2771 329 2813; x_wconf 90' lang='lat' dir='ltr'><strong>tus</strong></span> <span class='ocrx_word' id='word_1_228' title='bbox 351 2762 550 2813; x_wconf 88' lang='lat' dir='ltr'><strong>oblecta</strong></span> <span class='ocrx_word' id='word_1_229' title='bbox 568 2761 789 2827; x_wconf 88' lang='lat' dir='ltr'><strong>interim,</strong></span> <span class='ocrx_word' id='word_1_230' title='bbox 1468 2769 1539 2815; x_wconf 82' lang='lat'><strong>20</strong></span> 
     </span>
    </p>

    <p class='ocr_par' dir='ltr' id='par_1_23' title="bbox 106 2831 1397 2902">
     <span class='ocr_line' id='line_1_38' title="bbox 106 2831 1397 2902; baseline 0 -17"><span class='ocrx_word' id='word_1_231' title='bbox 106 2832 178 2885; x_wconf 84' lang='lat' dir='ltr'><strong>Et</strong></span> <span class='ocrx_word' id='word_1_232' title='bbox 200 2834 412 2885; x_wconf 88' lang='lat' dir='ltr'><strong>lectulos</strong></span> <span class='ocrx_word' id='word_1_233' title='bbox 428 2831 552 2902; x_wconf 90' lang='lat' dir='ltr'><strong>jube</strong></span> <span class='ocrx_word' id='word_1_234' title='bbox 577 2833 731 2885; x_wconf 84' lang='lat' dir='ltr'><strong>sterni</strong></span> <span class='ocrx_word' id='word_1_235' title='bbox 755 2833 915 2897; x_wconf 91' lang='lat' dir='ltr'><strong>nobis,</strong></span> <span class='ocrx_word' id='word_1_236' title='bbox 940 2841 990 2885; x_wconf 89' lang='lat' dir='ltr'><strong>et</strong></span> <span class='ocrx_word' id='word_1_237' title='bbox 1013 2833 1174 2902; x_wconf 87' lang='lat' dir='ltr'><strong>parari</strong></span> <span class='ocrx_word' id='word_1_238' title='bbox 1200 2843 1397 2887; x_wconf 83' lang='lat' dir='ltr'><strong>caetera.</strong></span> 
     </span>
    </p>

    <p class='ocr_par' dir='ltr' id='par_1_24' title="bbox 63 2902 1537 3029">
     <span class='ocr_line' id='line_1_39' title="bbox 63 2902 1537 2973; baseline 0.001 -17"><span class='ocrx_word' id='word_1_239' title='bbox 63 2912 70 2914; x_wconf 69' lang='grc'><em>’</em></span> <span class='ocrx_word' id='word_1_240' title='bbox 105 2903 223 2972; x_wconf 90' lang='lat' dir='ltr'><strong>Ego</strong></span> <span class='ocrx_word' id='word_1_241' title='bbox 237 2902 347 2973; x_wconf 86' lang='lat' dir='ltr'><strong>jam</strong></span> <span class='ocrx_word' id='word_1_242' title='bbox 371 2908 619 2957; x_wconf 65' lang='lat' dir='ltr'><strong>transacta</strong></span> <span class='ocrx_word' id='word_1_243' title='bbox 642 2922 711 2970; x_wconf 88' lang='lat' dir='ltr'><strong>re,</strong></span> <span class='ocrx_word' id='word_1_244' title='bbox 738 2913 1026 2956; x_wconf 87' lang='lat' dir='ltr'><strong>convortam</strong></span> <span class='ocrx_word' id='word_1_245' title='bbox 1061 2922 1144 2956; x_wconf 88' lang='lat' dir='ltr'><strong>me</strong></span> <span class='ocrx_word' id='word_1_246' title='bbox 1183 2905 1393 2958; x_wconf 89' lang='lat' dir='ltr'><strong>domum</strong></span> <span class='ocrx_word' id='word_1_247' title='bbox 1419 2922 1537 2958; x_wconf 87' lang='lat' dir='ltr'><strong>eum</strong></span> 
     </span>
     <span class='ocr_line' id='line_1_40' title="bbox 246 2974 470 3029; baseline 0.014 -4"><span class='ocrx_word' id='word_1_248' title='bbox 246 2974 470 3029; x_wconf 88' lang='lat' dir='ltr'><strong>obsonio.</strong></span> 
     </span>
    </p>

    <p class='ocr_par' dir='ltr' id='par_1_25' title="bbox 109 3033 1534 3172">
     <span class='ocr_line' id='line_1_41' title="bbox 109 3033 1534 3117; baseline 0.001 -17"><span class='ocrx_word' id='word_1_249' title='bbox 109 3044 190 3100; x_wconf 84' lang='lat' dir='ltr'><strong>Ct.</strong></span> <span class='ocrx_word' id='word_1_250' title='bbox 227 3044 305 3097; x_wconf 89' lang='lat' dir='ltr'><strong>Ita</strong></span> <span class='ocrx_word' id='word_1_251' title='bbox 323 3062 527 3114; x_wconf 81' lang='lat' dir='ltr'><strong>quaeso:</strong></span> <span class='ocrx_word' id='word_1_252' title='bbox 553 3047 756 3117; x_wconf 90' lang='lat' dir='ltr'><strong>quando</strong></span> <span class='ocrx_word' id='word_1_253' title='bbox 775 3047 874 3100; x_wconf 87' lang='lat' dir='ltr'><strong>hoc</strong></span> <span class='ocrx_word' id='word_1_254' title='bbox 896 3048 1026 3099; x_wconf 85' lang='lat' dir='ltr'><strong>bene</strong></span> <span class='ocrx_word' id='word_1_255' title='bbox 1045 3033 1298 3111; x_wconf 81' lang='lat' dir='ltr'><strong>successit,</strong></span> <span class='ocrx_word' id='word_1_256' title='bbox 1322 3047 1534 3102; x_wconf 88' lang='lat' dir='ltr'><strong>hilarem</strong></span> 
     </span>
     <span class='ocr_line' id='line_1_42' title="bbox 245 3115 836 3179; baseline 0.009 -13"><span class='ocrx_word' id='word_1_257' title='bbox 245 3115 384 3167; x_wconf 90' lang='lat' dir='ltr'><strong>hunc</strong></span> <span class='ocrx_word' id='word_1_258' title='bbox 401 3135 658 3179; x_wconf 86' lang='lat' dir='ltr'>sumamus</span> <span class='ocrx_word' id='word_1_259' title='bbox 683 3119 836 3172; x_wconf 90' lang='lat' dir='ltr'><strong>diem.</strong></span> 
     </span>
    </p>
   </div>
   <div class='ocr_carea' id='block_1_8' title="bbox 2090 126 2186 191">
    <p class='ocr_par' dir='ltr' id='par_1_26' title="bbox 2090 126 2186 191">
     <span class='ocr_line' id='line_1_43' title="bbox 2090 126 2186 191; baseline 0 -12"><span class='ocrx_word' id='word_1_260' title='bbox 2090 126 2186 191; x_wconf 67' lang='lat'><strong>165⁹</strong></span> 
     </span>
    </p>
   </div>
   <div class='ocr_carea' id='block_1_9' title="bbox 1586 264 2238 3227">
    <p class='ocr_par' dir='ltr' id='par_1_27' title="bbox 1586 264 2238 3227">
     <span class='ocr_line' id='line_1_44' title="bbox 1614 264 2197 321; baseline 0.005 -16"><span class='ocrx_word' id='word_1_261' title='bbox 1614 264 1662 305; x_wconf 89' lang='lat' dir='ltr'><strong>In</strong></span> <span class='ocrx_word' id='word_1_262' title='bbox 1680 279 1810 306; x_wconf 81' lang='lat' dir='ltr'><strong>securo</strong></span> <span class='ocrx_word' id='word_1_263' title='bbox 1826 266 1908 306; x_wconf 90' lang='lat' dir='ltr'><strong>loco</strong></span> <span class='ocrx_word' id='word_1_264' title='bbox 1923 268 2042 321; x_wconf 81' lang='lat' dir='ltr'><strong>posita</strong></span> <span class='ocrx_word' id='word_1_265' title='bbox 2062 277 2117 307; x_wconf 86' lang='lat' dir='ltr'><strong>est</strong></span> <span class='ocrx_word' id='word_1_266' title='bbox 2131 282 2197 308; x_wconf 70' lang='lat' dir='ltr'><strong>rea</strong></span> 
     </span>
     <span class='ocr_line' id='line_1_45' title="bbox 1615 321 2192 373; baseline 0.004 -15"><span class='ocrx_word' id='word_1_267' title='bbox 1615 322 1737 358; x_wconf 85' lang='lat' dir='ltr'><strong>omnis</strong></span> <span class='ocrx_word' id='word_1_268' title='bbox 1750 329 1832 360; x_wconf 86' lang='lat' dir='ltr'><strong>tua:</strong></span> <span class='ocrx_word' id='word_1_269' title='bbox 1853 321 1995 373; x_wconf 84' lang='lat' dir='ltr'><strong>expelle</strong></span> <span class='ocrx_word' id='word_1_270' title='bbox 2014 324 2099 360; x_wconf 73' lang='lat' dir='ltr'><strong>vero</strong></span> <span class='ocrx_word' id='word_1_271' title='bbox 2110 335 2192 360; x_wconf 85' lang='lat' dir='ltr'><strong>om</strong></span> 
     </span>
     <span class='ocr_line' id='line_1_46' title="bbox 1615 373 2194 414; baseline 0.007 -4"><span class='ocrx_word' id='word_1_272' title='bbox 1615 385 1702 411; x_wconf 87' lang='lat' dir='ltr'><strong>nem</strong></span> <span class='ocrx_word' id='word_1_273' title='bbox 1714 375 1839 413; x_wconf 80' lang='lat' dir='ltr'><strong>animo</strong></span> <span class='ocrx_word' id='word_1_274' title='bbox 1851 375 2028 413; x_wconf 85' lang='lat' dir='ltr'><strong>dolorem.</strong></span> <span class='ocrx_word' id='word_1_275' title='bbox 2046 373 2106 413; x_wconf 82' lang='lat' dir='ltr'><strong>Ct.</strong></span> <span class='ocrx_word' id='word_1_276' title='bbox 2119 373 2194 414; x_wconf 88' lang='lat' dir='ltr'><strong>Per</strong></span> 
     </span>
     <span class='ocr_line' id='line_1_47' title="bbox 1615 424 2195 479; baseline 0.004 -16"><span class='ocrx_word' id='word_1_277' title='bbox 1615 424 1816 465; x_wconf 85' lang='lat' dir='ltr'><strong>Herculem</strong></span> <span class='ocrx_word' id='word_1_278' title='bbox 1834 428 1918 465; x_wconf 74' lang='lat' dir='ltr'><strong>vero</strong></span> <span class='ocrx_word' id='word_1_279' title='bbox 1949 427 2049 466; x_wconf 83' lang='lat' dir='ltr'><strong>illam</strong></span> <span class='ocrx_word' id='word_1_280' title='bbox 2068 427 2195 479; x_wconf 81' lang='lat' dir='ltr'><strong>expel-</strong></span> 
     </span>
     <span class='ocr_line' id='line_1_48' title="bbox 1613 478 2193 541; baseline 0.003 -25"><span class='ocrx_word' id='word_1_281' title='bbox 1613 478 1663 524; x_wconf 86' lang='lat' dir='ltr'><strong>lo,</strong></span> <span class='ocrx_word' id='word_1_282' title='bbox 1698 481 1762 530; x_wconf 87' lang='lat' dir='ltr'><strong>qui</strong></span> <span class='ocrx_word' id='word_1_283' title='bbox 1793 479 1942 541; x_wconf 89' lang='lat' dir='ltr'><strong>quidem</strong></span> <span class='ocrx_word' id='word_1_284' title='bbox 1972 479 2119 518; x_wconf 81' lang='lat' dir='ltr'><strong>fratrem</strong></span> <span class='ocrx_word' id='word_1_285' title='bbox 2155 489 2193 519; x_wconf 84' lang='lat' dir='ltr'><strong>te</strong></span> 
     </span>
     <span class='ocr_line' id='line_1_49' title="bbox 1613 531 2194 582; baseline 0.005 -13"><span class='ocrx_word' id='word_1_286' title='bbox 1613 534 1804 582; x_wconf 87' lang='lat' dir='ltr'><strong>possideo:</strong></span> <span class='ocrx_word' id='word_1_287' title='bbox 1825 531 1926 571; x_wconf 76' lang='lat' dir='ltr'><strong>orni</strong></span> <span class='ocrx_word' id='word_1_288' title='bbox 1946 531 2148 572; x_wconf 82' lang='lat' dir='ltr'><strong>AEschine!</strong></span> <span class='ocrx_word' id='word_1_289' title='bbox 2170 536 2194 573; x_wconf 80' lang='grc' dir='ltr'>ὁ</span> 
     </span>
     <span class='ocr_line' id='line_1_50' title="bbox 1615 583 2194 636; baseline 0.003 -14"><span class='ocrx_word' id='word_1_290' title='bbox 1615 585 1666 622; x_wconf 86' lang='lat' dir='ltr'><strong>mi</strong></span> <span class='ocrx_word' id='word_1_291' title='bbox 1699 586 1892 636; x_wconf 79' lang='lat' dir='ltr'><strong>germane!</strong></span> <span class='ocrx_word' id='word_1_292' title='bbox 1919 583 1970 623; x_wconf 87' lang='lat' dir='ltr'><strong>ah</strong></span> <span class='ocrx_word' id='word_1_293' title='bbox 2003 599 2126 624; x_wconf 81' lang='lat' dir='ltr'><strong>vereor</strong></span> <span class='ocrx_word' id='word_1_294' title='bbox 2153 595 2194 624; x_wconf 83' lang='lat' dir='ltr'><strong>te</strong></span> 
     </span>
     <span class='ocr_line' id='line_1_51' title="bbox 1614 636 2194 700; baseline 0.005 -27"><span class='ocrx_word' id='word_1_295' title='bbox 1614 650 1665 687; x_wconf 87' lang='lat' dir='ltr'><strong>pr·</strong></span> <span class='ocrx_word' id='word_1_296' title='bbox 1658 648 1834 677; x_wconf 67' lang='lat' dir='ltr'><strong>esentem</strong></span> <span class='ocrx_word' id='word_1_297' title='bbox 1858 636 2095 700; x_wconf 77' lang='lat' dir='ltr'><strong>amplioribus</strong></span> <span class='ocrx_word' id='word_1_298' title='bbox 2113 638 2194 676; x_wconf 88' lang='lat' dir='ltr'><strong>lau·-</strong></span> 
     </span>
     <span class='ocr_line' id='line_1_52' title="bbox 1613 690 2192 758; baseline 0.007 -31"><span class='ocrx_word' id='word_1_299' title='bbox 1613 690 1720 728; x_wconf 89' lang='lat' dir='ltr'><strong>dibus</strong></span> <span class='ocrx_word' id='word_1_300' title='bbox 1738 692 1926 758; x_wconf 81' lang='lat' dir='ltr'><strong>prosequi,</strong></span> <span class='ocrx_word' id='word_1_301' title='bbox 1951 704 2002 729; x_wconf 88' lang='lat' dir='ltr'><strong>ne</strong></span> <span class='ocrx_word' id='word_1_302' title='bbox 2019 691 2192 731; x_wconf 86' lang='lat' dir='ltr'><strong>adulandi</strong></span> 
     </span>
     <span class='ocr_line' id='line_1_53' title="bbox 1614 743 2194 795; baseline 0.009 -16"><span class='ocrx_word' id='word_1_303' title='bbox 1614 745 1730 794; x_wconf 84' lang='lat' dir='ltr'><strong>magis</strong></span> <span class='ocrx_word' id='word_1_304' title='bbox 1761 746 1877 795; x_wconf 81' lang='lat' dir='ltr'><strong>gratia</strong></span> <span class='ocrx_word' id='word_1_305' title='bbox 1909 743 1948 781; x_wconf 83' lang='lat' dir='ltr'><strong>id</strong></span> <span class='ocrx_word' id='word_1_306' title='bbox 1980 757 2041 782; x_wconf 87' lang='lat' dir='ltr'><strong>me</strong></span> <span class='ocrx_word' id='word_1_307' title='bbox 2072 744 2194 788; x_wconf 71' lang='lat' dir='ltr'><strong>&#39;facere</strong></span> 
     </span>
     <span class='ocr_line' id='line_1_54' title="bbox 1612 797 2237 848; baseline 0.008 -15"><span class='ocrx_word' id='word_1_308' title='bbox 1612 805 1722 846; x_wconf 87' lang='lat' dir='ltr'><strong>putes</strong></span> <span class='ocrx_word' id='word_1_309' title='bbox 1766 810 1876 848; x_wconf 82' lang='lat' dir='ltr'><strong>quam</strong></span> <span class='ocrx_word' id='word_1_310' title='bbox 1916 797 2016 848; x_wconf 71' lang='lat' dir='ltr'><strong>quod</strong></span> <span class='ocrx_word' id='word_1_311' title='bbox 2048 811 2192 846; x_wconf 83' lang='lat' dir='ltr'><strong>memor</strong></span> <span class='ocrx_word' id='word_1_312' title='bbox 2228 820 2237 828; x_wconf 51' lang='grc' dir='ltr'>ι</span> 
     </span>
     <span class='ocr_line' id='line_1_55' title="bbox 1611 843 2227 903; baseline 0.008 -17"><span class='ocrx_word' id='word_1_313' title='bbox 1611 849 1682 887; x_wconf 87' lang='lat' dir='ltr'><strong>sim</strong></span> <span class='ocrx_word' id='word_1_314' title='bbox 1712 849 1898 888; x_wconf 77' lang='lat' dir='ltr'><strong>beneficii.</strong></span> <span class='ocrx_word' id='word_1_315' title='bbox 1968 851 2050 888; x_wconf 75' lang='lat' dir='ltr'><strong>AES.</strong></span> <span class='ocrx_word' id='word_1_316' title='bbox 2090 843 2192 903; x_wconf 81' lang='lat' dir='ltr'><strong>Age,</strong></span> <span class='ocrx_word' id='word_1_317' title='bbox 2222 850 2227 852; x_wconf 60' lang='grc'><strong>’</strong></span> 
     </span>
     <span class='ocr_line' id='line_1_56' title="bbox 1611 900 2196 967; baseline 0.009 -29"><span class='ocrx_word' id='word_1_318' title='bbox 1611 901 1742 949; x_wconf 87' lang='lat' dir='ltr'><strong>stulte,</strong></span> <span class='ocrx_word' id='word_1_319' title='bbox 1776 900 1858 940; x_wconf 83' lang='lat' dir='ltr'><strong>haec</strong></span> <span class='ocrx_word' id='word_1_320' title='bbox 1889 903 2041 949; x_wconf 86' lang='lat' dir='ltr'><strong>omitte;</strong></span> <span class='ocrx_word' id='word_1_321' title='bbox 2087 905 2196 967; x_wconf 52' lang='lat' dir='ltr'><strong>quasi</strong></span> 
     </span>
     <span class='ocr_line' id='line_1_57' title="bbox 1611 956 2195 997; baseline 0.007 -6"><span class='ocrx_word' id='word_1_322' title='bbox 1611 967 1712 992; x_wconf 89' lang='lat' dir='ltr'><strong>nunc</strong></span> <span class='ocrx_word' id='word_1_323' title='bbox 1729 956 1824 992; x_wconf 80' lang='lat' dir='ltr'><strong>inter</strong></span> <span class='ocrx_word' id='word_1_324' title='bbox 1842 968 1911 993; x_wconf 89' lang='lat' dir='ltr'><strong>nos</strong></span> <span class='ocrx_word' id='word_1_325' title='bbox 1938 956 2074 993; x_wconf 85' lang='lat' dir='ltr'><strong>notitia</strong></span> <span class='ocrx_word' id='word_1_326' title='bbox 2101 957 2195 997; x_wconf 83' lang='lat' dir='ltr'><strong>inci·</strong></span> 
     </span>
     <span class='ocr_line' id='line_1_58' title="bbox 1610 1005 2188 1059; baseline 0.009 -15"><span class='ocrx_word' id='word_1_327' title='bbox 1610 1007 1701 1059; x_wconf 82' lang='lat' dir='ltr'><strong>piat.</strong></span> <span class='ocrx_word' id='word_1_328' title='bbox 1728 1005 1870 1046; x_wconf 69' lang='lat' dir='ltr'><strong>Verhm</strong></span> <span class='ocrx_word' id='word_1_329' title='bbox 1886 1008 2008 1054; x_wconf 90' lang='lat' dir='ltr'><strong>doleo,</strong></span> <span class='ocrx_word' id='word_1_330' title='bbox 2023 1022 2092 1047; x_wconf 90' lang='lat' dir='ltr'><strong>nos</strong></span> <span class='ocrx_word' id='word_1_331' title='bbox 2109 1008 2188 1049; x_wconf 68' lang='lat' dir='ltr'><strong>fere</strong></span> 
     </span>
     <span class='ocr_line' id='line_1_59' title="bbox 1611 1059 2190 1102; baseline 0.009 -5"><span class='ocrx_word' id='word_1_332' title='bbox 1611 1060 1712 1098; x_wconf 75' lang='lat' dir='ltr'><strong>tarde</strong></span> <span class='ocrx_word' id='word_1_333' title='bbox 1745 1061 1914 1098; x_wconf 72' lang='lat' dir='ltr'><strong>certiores</strong></span> <span class='ocrx_word' id='word_1_334' title='bbox 1947 1059 2064 1099; x_wconf 79' lang='lat' dir='ltr'><strong>factos</strong></span> <span class='ocrx_word' id='word_1_335' title='bbox 2110 1076 2190 1102; x_wconf 83' lang='lat' dir='ltr'><strong>esse</strong></span> 
     </span>
     <span class='ocr_line' id='line_1_60' title="bbox 1610 1114 2190 1162; baseline 0.009 -12"><span class='ocrx_word' id='word_1_336' title='bbox 1610 1121 1756 1151; x_wconf 80' lang='lat' dir='ltr'><strong>tuarum</strong></span> <span class='ocrx_word' id='word_1_337' title='bbox 1788 1127 1926 1162; x_wconf 87' lang='lat' dir='ltr'><strong>rerum,</strong></span> <span class='ocrx_word' id='word_1_338' title='bbox 1958 1122 1996 1152; x_wconf 83' lang='lat' dir='ltr'><strong>et</strong></span> <span class='ocrx_word' id='word_1_339' title='bbox 2030 1114 2107 1153; x_wconf 78' lang='lat' dir='ltr'><strong>fere</strong></span> <span class='ocrx_word' id='word_1_340' title='bbox 2143 1117 2190 1155; x_wconf 77' lang='lat' dir='ltr'><strong>eo</strong></span> 
     </span>
     <span class='ocr_line' id='line_1_61' title="bbox 1609 1165 2189 1218; baseline 0.009 -15"><span class='ocrx_word' id='word_1_341' title='bbox 1609 1165 1780 1204; x_wconf 85' lang='lat' dir='ltr'><strong>reductos</strong></span> <span class='ocrx_word' id='word_1_342' title='bbox 1796 1180 1874 1204; x_wconf 80' lang='lat' dir='ltr'><strong>esse</strong></span> <span class='ocrx_word' id='word_1_343' title='bbox 1891 1166 2062 1218; x_wconf 88' lang='lat' dir='ltr'><strong>periculi,</strong></span> <span class='ocrx_word' id='word_1_344' title='bbox 2083 1176 2129 1206; x_wconf 86' lang='lat' dir='ltr'><strong>ut</strong></span> <span class='ocrx_word' id='word_1_345' title='bbox 2155 1170 2189 1208; x_wconf 90' lang='lat' dir='ltr'><strong>si</strong></span> 
     </span>
     <span class='ocr_line' id='line_1_62' title="bbox 1608 1218 2188 1271; baseline 0.009 -15"><span class='ocrx_word' id='word_1_346' title='bbox 1608 1232 1740 1257; x_wconf 86' lang='lat' dir='ltr'><strong>omnes</strong></span> <span class='ocrx_word' id='word_1_347' title='bbox 1754 1218 1924 1258; x_wconf 83' lang='lat' dir='ltr'><strong>homines</strong></span> <span class='ocrx_word' id='word_1_348' title='bbox 1941 1233 2055 1271; x_wconf 87' lang='lat' dir='ltr'><strong>cupe</strong></span> <span class='ocrx_word' id='word_1_349' title='bbox 2057 1230 2120 1260; x_wconf 84' lang='lat' dir='ltr'><strong>ent</strong></span> <span class='ocrx_word' id='word_1_350' title='bbox 2148 1230 2188 1261; x_wconf 86' lang='lat' dir='ltr'><strong>te</strong></span> 
     </span>
     <span class='ocr_line' id='line_1_63' title="bbox 1601 1272 2188 1326; baseline 0.004 -16"><span class='ocrx_word' id='word_1_351' title='bbox 1601 1272 1746 1323; x_wconf 79' lang='lat' dir='ltr'><strong>juvare,</strong></span> <span class='ocrx_word' id='word_1_352' title='bbox 1774 1272 1877 1311; x_wconf 91' lang='lat' dir='ltr'><strong>nullo</strong></span> <span class='ocrx_word' id='word_1_353' title='bbox 1904 1274 2014 1311; x_wconf 87' lang='lat' dir='ltr'><strong>modo</strong></span> <span class='ocrx_word' id='word_1_354' title='bbox 2044 1274 2082 1311; x_wconf 87' lang='lat' dir='ltr'><strong>id</strong></span> <span class='ocrx_word' id='word_1_355' title='bbox 2099 1287 2188 1326; x_wconf 86' lang='lat' dir='ltr'><strong>pos-</strong></span> 
     </span>
     <span class='ocr_line' id='line_1_64' title="bbox 1607 1323 2190 1378; baseline 0.005 -15"><span class='ocrx_word' id='word_1_356' title='bbox 1607 1334 1703 1364; x_wconf 84' lang='lat' dir='ltr'><strong>sent.</strong></span> <span class='ocrx_word' id='word_1_357' title='bbox 1751 1323 1812 1365; x_wconf 79' lang='lat' dir='ltr'><strong>Gt.</strong></span> <span class='ocrx_word' id='word_1_358' title='bbox 1838 1323 1983 1364; x_wconf 87' lang='lat' dir='ltr'><strong>Pudore</strong></span> <span class='ocrx_word' id='word_1_359' title='bbox 2008 1326 2190 1378; x_wconf 87' lang='lat' dir='ltr'><strong>impedie-</strong></span> 
     </span>
     <span class='ocr_line' id='line_1_65' title="bbox 1604 1377 2186 1428; baseline 0.007 -12"><span class='ocrx_word' id='word_1_360' title='bbox 1604 1377 1693 1419; x_wconf 85' lang='lat' dir='ltr'><strong>bar.</strong></span> <span class='ocrx_word' id='word_1_361' title='bbox 1722 1379 1804 1417; x_wconf 83' lang='lat' dir='ltr'><strong>AEs.</strong></span> <span class='ocrx_word' id='word_1_362' title='bbox 1831 1377 1921 1428; x_wconf 82' lang='lat' dir='ltr'><strong>Ah!</strong></span> <span class='ocrx_word' id='word_1_363' title='bbox 1950 1379 2108 1418; x_wconf 81' lang='lat' dir='ltr'><strong>stultitia</strong></span> <span class='ocrx_word' id='word_1_364' title='bbox 2125 1391 2186 1420; x_wconf 79' lang='lat' dir='ltr'><strong>est</strong></span> 
     </span>
     <span class='ocr_line' id='line_1_66' title="bbox 1604 1424 2184 1480; baseline 0.007 -11"><span class='ocrx_word' id='word_1_365' title='bbox 1604 1431 1690 1480; x_wconf 85' lang='lat' dir='ltr'><strong>ista,</strong></span> <span class='ocrx_word' id='word_1_366' title='bbox 1704 1444 1778 1469; x_wconf 91' lang='lat' dir='ltr'><strong>non</strong></span> <span class='ocrx_word' id='word_1_367' title='bbox 1792 1424 2030 1479; x_wconf 71' lang='lat' dir='ltr'><strong>verecundia5</strong></span> <span class='ocrx_word' id='word_1_368' title='bbox 2047 1433 2095 1471; x_wconf 93' lang='lat' dir='ltr'><strong>ob</strong></span> <span class='ocrx_word' id='word_1_369' title='bbox 2104 1446 2184 1474; x_wconf 86' lang='lat' dir='ltr'><strong>rem</strong></span> 
     </span>
     <span class='ocr_line' id='line_1_67' title="bbox 1604 1486 2185 1537; baseline 0.005 -15"><span class='ocrx_word' id='word_1_370' title='bbox 1604 1494 1679 1523; x_wconf 83' lang='lat' dir='ltr'><strong>tam</strong></span> <span class='ocrx_word' id='word_1_371' title='bbox 1701 1486 1801 1536; x_wconf 87' lang='lat' dir='ltr'><strong>parvi</strong></span> <span class='ocrx_word' id='word_1_372' title='bbox 1815 1486 1996 1523; x_wconf 88' lang='lat' dir='ltr'><strong>momenti</strong></span> <span class='ocrx_word' id='word_1_373' title='bbox 2021 1487 2118 1537; x_wconf 74' lang='lat' dir='ltr'><strong>pene</strong></span> <span class='ocrx_word' id='word_1_374' title='bbox 2135 1499 2185 1526; x_wconf 83' lang='lat' dir='ltr'><strong>ex</strong></span> 
     </span>
     <span class='ocr_line' id='line_1_68' title="bbox 1603 1537 2238 1590; baseline 0.005 -15"><span class='ocrx_word' id='word_1_375' title='bbox 1603 1538 1722 1590; x_wconf 71' lang='lat' dir='ltr'><strong>patria</strong></span> <span class='ocrx_word' id='word_1_376' title='bbox 1738 1537 1966 1590; x_wconf 74' lang='lat' dir='ltr'><strong>profugisset</strong></span> <span class='ocrx_word' id='word_1_377' title='bbox 1991 1539 2108 1590; x_wconf 86' lang='lat' dir='ltr'><strong>pudet</strong></span> <span class='ocrx_word' id='word_1_378' title='bbox 2123 1553 2185 1578; x_wconf 85' lang='lat' dir='ltr'><strong>me</strong></span> <span class='ocrx_word' id='word_1_379' title='bbox 2225 1546 2238 1559; x_wconf 81' lang='lat'><em>⁷</em></span> 
     </span>
     <span class='ocr_line' id='line_1_69' title="bbox 1604 1590 2186 1643; baseline 0.005 -15"><span class='ocrx_word' id='word_1_380' title='bbox 1604 1591 1642 1629; x_wconf 90' lang='lat' dir='ltr'><strong>id</strong></span> <span class='ocrx_word' id='word_1_381' title='bbox 1658 1590 1790 1628; x_wconf 88' lang='lat' dir='ltr'><strong>dicere.</strong></span> <span class='ocrx_word' id='word_1_382' title='bbox 1832 1590 1920 1631; x_wconf 79' lang='lat' dir='ltr'><strong>Diis</strong></span> <span class='ocrx_word' id='word_1_383' title='bbox 1935 1591 2122 1643; x_wconf 80' lang='lat' dir='ltr'><strong>supplico,</strong></span> <span class='ocrx_word' id='word_1_384' title='bbox 2139 1603 2186 1631; x_wconf 85' lang='lat' dir='ltr'><strong>ut</strong></span> 
     </span>
     <span class='ocr_line' id='line_1_70' title="bbox 1604 1643 2182 1708; baseline 0.003 -26"><span class='ocrx_word' id='word_1_385' title='bbox 1604 1643 1674 1682; x_wconf 84' lang='lat' dir='ltr'><strong>ista</strong></span> <span class='ocrx_word' id='word_1_386' title='bbox 1691 1652 1868 1697; x_wconf 79' lang='lat' dir='ltr'><strong>avertant,</strong></span> <span class='ocrx_word' id='word_1_387' title='bbox 1899 1657 2035 1696; x_wconf 87' lang='lat' dir='ltr'><strong>nempe</strong></span> <span class='ocrx_word' id='word_1_388' title='bbox 2053 1643 2182 1708; x_wconf 67' lang='lat' dir='ltr'><strong>fugam</strong></span> 
     </span>
     <span class='ocr_line' id='line_1_71' title="bbox 1603 1698 2182 1750; baseline 0.005 -16"><span class='ocrx_word' id='word_1_389' title='bbox 1603 1699 1733 1748; x_wconf 75' lang='lat' dir='ltr'><strong>patriae</strong></span> <span class='ocrx_word' id='word_1_390' title='bbox 1763 1710 1839 1750; x_wconf 80' lang='lat' dir='ltr'><strong>prae</strong></span> <span class='ocrx_word' id='word_1_391' title='bbox 1856 1698 2111 1748; x_wconf 83' lang='lat' dir='ltr'><strong>desperatione</strong></span> <span class='ocrx_word' id='word_1_392' title='bbox 2138 1700 2182 1737; x_wconf 87' lang='lat' dir='ltr'><strong>in</strong></span> 
     </span>
     <span class='ocr_line' id='line_1_72' title="bbox 1604 1749 2182 1792; baseline 0.005 -5"><span class='ocrx_word' id='word_1_393' title='bbox 1604 1763 1741 1788; x_wconf 87' lang='lat' dir='ltr'><strong>amore.</strong></span> <span class='ocrx_word' id='word_1_394' title='bbox 1798 1749 1859 1789; x_wconf 79' lang='lat' dir='ltr'><strong>Ct.</strong></span> <span class='ocrx_word' id='word_1_395' title='bbox 1905 1749 2047 1788; x_wconf 87' lang='lat' dir='ltr'><strong>Erravi.</strong></span> <span class='ocrx_word' id='word_1_396' title='bbox 2099 1752 2182 1792; x_wconf 84' lang='lat' dir='ltr'><strong>AEs.</strong></span> 
     </span>
     <span class='ocr_line' id='line_1_73' title="bbox 1603 1801 2204 1855; baseline 0.007 -15"><span class='ocrx_word' id='word_1_397' title='bbox 1603 1801 1709 1845; x_wconf 81' lang='lat' dir='ltr'><strong>Quid</strong></span> <span class='ocrx_word' id='word_1_398' title='bbox 1722 1803 1909 1855; x_wconf 72' lang='lat' dir='ltr'><strong>postremo</strong></span> <span class='ocrx_word' id='word_1_399' title='bbox 1923 1802 2029 1844; x_wconf 81' lang='lat' dir='ltr'><strong>nobis</strong></span> <span class='ocrx_word' id='word_1_400' title='bbox 2038 1801 2204 1845; x_wconf 70' lang='lat' dir='ltr'><strong>Sannio„</strong></span> 
     </span>
     <span class='ocr_line' id='line_1_74' title="bbox 1602 1855 2181 1909; baseline 0.005 -16"><span class='ocrx_word' id='word_1_401' title='bbox 1602 1855 1719 1895; x_wconf 81' lang='lat' dir='ltr'><strong>dicit?</strong></span> <span class='ocrx_word' id='word_1_402' title='bbox 1749 1856 1820 1909; x_wconf 96' lang='lat' dir='ltr'><strong>Sy.</strong></span> <span class='ocrx_word' id='word_1_403' title='bbox 1849 1855 1936 1894; x_wconf 81' lang='lat' dir='ltr'><strong>Jam</strong></span> <span class='ocrx_word' id='word_1_404' title='bbox 1964 1867 2181 1896; x_wconf 80' lang='lat' dir='ltr'><strong>mansuetus</strong></span> 
     </span>
     <span class='ocr_line' id='line_1_75' title="bbox 1602 1907 2180 1961; baseline 0.005 -15"><span class='ocrx_word' id='word_1_405' title='bbox 1602 1918 1672 1948; x_wconf 86' lang='lat' dir='ltr'><strong>est.</strong></span> <span class='ocrx_word' id='word_1_406' title='bbox 1724 1910 1803 1948; x_wconf 86' lang='lat' dir='ltr'><strong>AEs.</strong></span> <span class='ocrx_word' id='word_1_407' title='bbox 1848 1907 1883 1948; x_wconf 80' lang='lat' dir='ltr'>E</span> <span class='ocrx_word' id='word_1_408' title='bbox 1882 1922 1932 1961; x_wconf 81' lang='lat' dir='ltr'><strong>go</strong></span> <span class='ocrx_word' id='word_1_409' title='bbox 1974 1909 2019 1948; x_wconf 89' lang='lat' dir='ltr'><strong>ad</strong></span> <span class='ocrx_word' id='word_1_410' title='bbox 2055 1908 2180 1950; x_wconf 85' lang='lat' dir='ltr'><strong>forum</strong></span> 
     </span>
     <span class='ocr_line' id='line_1_76' title="bbox 1600 1923 2181 2016; baseline 0.002 -15"><span class='ocrx_word' id='word_1_411' title='bbox 1600 1975 1661 2001; x_wconf 86' lang='lat' dir='ltr'><strong>me</strong></span> <span class='ocrx_word' id='word_1_412' title='bbox 1679 1923 1907 2010; x_wconf 72' lang='lat' dir='ltr'><strong>conferam,g</strong></span> <span class='ocrx_word' id='word_1_413' title='bbox 1902 1972 1960 2008; x_wconf 86' lang='lat' dir='ltr'><strong>ut,</strong></span> <span class='ocrx_word' id='word_1_414' title='bbox 1982 1962 2102 2001; x_wconf 72' lang='lat' dir='ltr'><strong>soluta</strong></span> <span class='ocrx_word' id='word_1_415' title='bbox 2114 1977 2181 2016; x_wconf 87' lang='lat' dir='ltr'><strong>pe·</strong></span> 
     </span>
     <span class='ocr_line' id='line_1_77' title="bbox 1599 2015 2180 2062; baseline 0.009 -11"><span class='ocrx_word' id='word_1_416' title='bbox 1599 2015 1724 2062; x_wconf 81' lang='lat' dir='ltr'><strong>cunia,</strong></span> <span class='ocrx_word' id='word_1_417' title='bbox 1755 2015 1862 2054; x_wconf 83' lang='lat' dir='ltr'><strong>illum</strong></span> <span class='ocrx_word' id='word_1_418' title='bbox 1890 2015 2095 2054; x_wconf 79' lang='lat' dir='ltr'><strong>dimittam.</strong></span> <span class='ocrx_word' id='word_1_419' title='bbox 2134 2025 2180 2057; x_wconf 85' lang='lat' dir='ltr'><strong>tu</strong></span> 
     </span>
     <span class='ocr_line' id='line_1_78' title="bbox 1599 2068 2179 2111; baseline 0.005 -6"><span class='ocrx_word' id='word_1_420' title='bbox 1599 2068 1696 2107; x_wconf 77' lang='lat' dir='ltr'><strong>intro</strong></span> <span class='ocrx_word' id='word_1_421' title='bbox 1713 2068 1887 2107; x_wconf 86' lang='lat' dir='ltr'><strong>domum</strong></span> <span class='ocrx_word' id='word_1_422' title='bbox 1879 2076 1932 2106; x_wconf 75' lang='lat' dir='ltr'><strong>ito</strong></span> <span class='ocrx_word' id='word_1_423' title='bbox 1950 2069 1995 2107; x_wconf 87' lang='lat' dir='ltr'><strong>ad</strong></span> <span class='ocrx_word' id='word_1_424' title='bbox 2008 2069 2179 2111; x_wconf 80' lang='lat' dir='ltr'><strong>amicam</strong></span> 
     </span>
     <span class='ocr_line' id='line_1_79' title="bbox 1596 2119 2174 2173; baseline 0.004 -15"><span class='ocrx_word' id='word_1_425' title='bbox 1596 2120 1664 2159; x_wconf 82' lang='lat' dir='ltr'><strong>Sa.</strong></span> <span class='ocrx_word' id='word_1_426' title='bbox 1691 2119 1799 2173; x_wconf 81' lang='lat' dir='ltr'><strong>Sy,re</strong></span> <span class='ocrx_word' id='word_1_427' title='bbox 1817 2134 1908 2173; x_wconf 78' lang='lat' dir='ltr'><strong>urge</strong></span> <span class='ocrx_word' id='word_1_428' title='bbox 1937 2119 2174 2166; x_wconf 80' lang='lat' dir='ltr'><strong>AEschinum.</strong></span> 
     </span>
     <span class='ocr_line' id='line_1_80' title="bbox 1596 2172 2183 2226; baseline 0.002 -15"><span class='ocrx_word' id='word_1_429' title='bbox 1596 2173 1640 2212; x_wconf 88' lang='lat' dir='ltr'><strong><em>S</em></strong></span> <span class='ocrx_word' id='word_1_430' title='bbox 1627 2188 1666 2226; x_wconf 79' lang='lat' dir='ltr'><em>J</em></span> <span class='ocrx_word' id='word_1_431' title='bbox 1658 2172 1815 2212; x_wconf 82' lang='lat' dir='ltr'><strong>,Eamus</strong></span> <span class='ocrx_word' id='word_1_432' title='bbox 1830 2187 1970 2226; x_wconf 72' lang='lat' dir='ltr'><strong>quaeso,</strong></span> <span class='ocrx_word' id='word_1_433' title='bbox 1985 2173 2183 2224; x_wconf 85' lang='lat' dir='ltr'><strong>AEschine,</strong></span> 
     </span>
     <span class='ocr_line' id='line_1_81' title="bbox 1597 2226 2179 2279; baseline 0.003 -14"><span class='ocrx_word' id='word_1_434' title='bbox 1597 2239 1684 2265; x_wconf 86' lang='lat' dir='ltr'><strong>nam</strong></span> <span class='ocrx_word' id='word_1_435' title='bbox 1701 2226 1764 2265; x_wconf 87' lang='lat' dir='ltr'><strong>hic</strong></span> <span class='ocrx_word' id='word_1_436' title='bbox 1791 2226 1934 2266; x_wconf 86' lang='lat' dir='ltr'><strong>Sannio</strong></span> <span class='ocrx_word' id='word_1_437' title='bbox 1957 2227 1995 2266; x_wconf 84' lang='lat' dir='ltr'><strong>in</strong></span> <span class='ocrx_word' id='word_1_438' title='bbox 2014 2227 2179 2279; x_wconf 87' lang='lat' dir='ltr'><strong>Cyprum</strong></span> 
     </span>
     <span class='ocr_line' id='line_1_82' title="bbox 1597 2279 2178 2332; baseline 0.002 -14"><span class='ocrx_word' id='word_1_439' title='bbox 1597 2281 1779 2332; x_wconf 85' lang='lat' dir='ltr'><strong>proficisci</strong></span> <span class='ocrx_word' id='word_1_440' title='bbox 1798 2279 1962 2318; x_wconf 78' lang='lat' dir='ltr'><strong>festinat.</strong></span> <span class='ocrx_word' id='word_1_441' title='bbox 1988 2279 2056 2318; x_wconf 87' lang='lat' dir='ltr'><strong>Sa.</strong></span> <span class='ocrx_word' id='word_1_442' title='bbox 2084 2279 2178 2321; x_wconf 83' lang='lat' dir='ltr'><strong>Non</strong></span> 
     </span>
     <span class='ocr_line' id='line_1_83' title="bbox 1598 2332 2179 2384; baseline 0.003 -14"><span class='ocrx_word' id='word_1_443' title='bbox 1598 2333 1742 2372; x_wconf 73' lang='lat' dir='ltr'><strong>tantiim</strong></span> <span class='ocrx_word' id='word_1_444' title='bbox 1761 2332 1922 2371; x_wconf 85' lang='lat' dir='ltr'><strong>festino:</strong></span> <span class='ocrx_word' id='word_1_445' title='bbox 1942 2335 2179 2384; x_wconf 76' lang='lat' dir='ltr'><strong>quantumvis</strong></span> 
     </span>
     <span class='ocr_line' id='line_1_84' title="bbox 1596 2384 2181 2428; baseline 0.003 -4"><span class='ocrx_word' id='word_1_446' title='bbox 1596 2399 1736 2424; x_wconf 86' lang='lat' dir='ltr'><strong>moram</strong></span> <span class='ocrx_word' id='word_1_447' title='bbox 1767 2384 1831 2424; x_wconf 86' lang='lat' dir='ltr'><strong>hic</strong></span> <span class='ocrx_word' id='word_1_448' title='bbox 1857 2387 1997 2424; x_wconf 81' lang='lat' dir='ltr'><strong>otiosus</strong></span> <span class='ocrx_word' id='word_1_449' title='bbox 2014 2385 2181 2428; x_wconf 59' lang='lat' dir='ltr'><strong>&#39;saciaun</strong></span> 
     </span>
     <span class='ocr_line' id='line_1_85' title="bbox 1595 2438 2178 2490; baseline 0.002 -13"><span class='ocrx_word' id='word_1_450' title='bbox 1595 2439 1666 2490; x_wconf 87' lang='lat' dir='ltr'><strong>Sy.</strong></span> <span class='ocrx_word' id='word_1_451' title='bbox 1695 2438 1883 2477; x_wconf 86' lang='lat' dir='ltr'><strong>Reddetur</strong></span> <span class='ocrx_word' id='word_1_452' title='bbox 1908 2438 1978 2477; x_wconf 85' lang='lat' dir='ltr'><strong>tibi</strong></span> <span class='ocrx_word' id='word_1_453' title='bbox 2002 2440 2178 2490; x_wconf 84' lang='lat' dir='ltr'><strong>pecunia,</strong></span> 
     </span>
     <span class='ocr_line' id='line_1_86' title="bbox 1597 2491 2178 2538; baseline 0.007 -10"><span class='ocrx_word' id='word_1_454' title='bbox 1597 2505 1644 2529; x_wconf 87' lang='lat' dir='ltr'><strong>ne</strong></span> <span class='ocrx_word' id='word_1_455' title='bbox 1661 2491 1802 2530; x_wconf 84' lang='lat' dir='ltr'><strong>dubita.</strong></span> <span class='ocrx_word' id='word_1_456' title='bbox 1829 2492 1896 2529; x_wconf 83' lang='lat' dir='ltr'><strong>Sa.</strong></span> <span class='ocrx_word' id='word_1_457' title='bbox 1914 2492 1967 2530; x_wconf 88' lang='lat' dir='ltr'><strong>At</strong></span> <span class='ocrx_word' id='word_1_458' title='bbox 1986 2491 2106 2538; x_wconf 83' lang='lat' dir='ltr'><strong>effice,</strong></span> <span class='ocrx_word' id='word_1_459' title='bbox 2132 2501 2178 2532; x_wconf 90' lang='lat' dir='ltr'><strong>ut</strong></span> 
     </span>
     <span class='ocr_line' id='line_1_87' title="bbox 1598 2543 2177 2595; baseline 0.003 -14"><span class='ocrx_word' id='word_1_460' title='bbox 1598 2553 1712 2582; x_wconf 83' lang='lat' dir='ltr'><strong>totam</strong></span> <span class='ocrx_word' id='word_1_461' title='bbox 1741 2546 1921 2582; x_wconf 83' lang='lat' dir='ltr'><strong>restituat.</strong></span> <span class='ocrx_word' id='word_1_462' title='bbox 1947 2544 2019 2595; x_wconf 88' lang='lat' dir='ltr'><strong>Sy.</strong></span> <span class='ocrx_word' id='word_1_463' title='bbox 2041 2543 2177 2584; x_wconf 82' lang='lat' dir='ltr'><strong>Totam</strong></span> 
     </span>
     <span class='ocr_line' id='line_1_88' title="bbox 1591 2597 2176 2644; baseline 0.002 -9"><span class='ocrx_word' id='word_1_464' title='bbox 1591 2599 1788 2642; x_wconf 82' lang='lat' dir='ltr'><strong>restituet3</strong></span> <span class='ocrx_word' id='word_1_465' title='bbox 1817 2597 1885 2635; x_wconf 82' lang='lat' dir='ltr'><strong>sile</strong></span> <span class='ocrx_word' id='word_1_466' title='bbox 1904 2598 2028 2644; x_wconf 68' lang='lat' dir='ltr'><strong>modo,</strong></span> <span class='ocrx_word' id='word_1_467' title='bbox 2047 2606 2086 2636; x_wconf 86' lang='lat' dir='ltr'><strong>et</strong></span> <span class='ocrx_word' id='word_1_468' title='bbox 2114 2611 2176 2636; x_wconf 87' lang='lat' dir='ltr'><strong>me</strong></span> 
     </span>
     <span class='ocr_line' id='line_1_89' title="bbox 1593 2624 2174 2702; baseline 0.002 -15"><span class='ocrx_word' id='word_1_469' title='bbox 1593 2662 1745 2700; x_wconf 85' lang='lat' dir='ltr'><strong>sequere</strong></span> <span class='ocrx_word' id='word_1_470' title='bbox 1765 2626 1835 2687; x_wconf 66' lang='lat' dir='ltr'><strong>liae</strong></span> <span class='ocrx_word' id='word_1_471' title='bbox 1847 2650 1917 2688; x_wconf 84' lang='lat' dir='ltr'><strong>via.</strong></span> <span class='ocrx_word' id='word_1_472' title='bbox 1931 2650 1998 2689; x_wconf 86' lang='lat' dir='ltr'><strong>Sa.</strong></span> <span class='ocrx_word' id='word_1_473' title='bbox 2015 2624 2174 2702; x_wconf 68' lang='lat' dir='ltr'><strong>’Sequon</strong></span> 
     </span>
     <span class='ocr_line' id='line_1_90' title="bbox 1595 2700 2175 2755; baseline 0.005 -16"><span class='ocrx_word' id='word_1_474' title='bbox 1595 2701 1631 2739; x_wconf 79' lang='lat' dir='ltr'><em>C</em></span> <span class='ocrx_word' id='word_1_475' title='bbox 1631 2708 1656 2740; x_wconf 88' lang='lat' dir='ltr'><strong>t.</strong></span> <span class='ocrx_word' id='word_1_476' title='bbox 1679 2701 1800 2748; x_wconf 81' lang='lat' dir='ltr'><strong>Heus,</strong></span> <span class='ocrx_word' id='word_1_477' title='bbox 1827 2700 1936 2749; x_wconf 85' lang='lat' dir='ltr'><strong>heus,</strong></span> <span class='ocrx_word' id='word_1_478' title='bbox 1972 2701 2075 2755; x_wconf 84' lang='lat' dir='ltr'><strong>Syre.</strong></span> <span class='ocrx_word' id='word_1_479' title='bbox 2103 2703 2175 2754; x_wconf 87' lang='lat' dir='ltr'><strong>Sy.</strong></span> 
     </span>
     <span class='ocr_line' id='line_1_91' title="bbox 1592 2753 2173 2805; baseline 0.003 -13"><span class='ocrx_word' id='word_1_480' title='bbox 1592 2753 1709 2802; x_wconf 88' lang='lat' dir='ltr'><strong>Hem,</strong></span> <span class='ocrx_word' id='word_1_481' title='bbox 1728 2755 1816 2805; x_wconf 84' lang='lat' dir='ltr'><strong>quid</strong></span> <span class='ocrx_word' id='word_1_482' title='bbox 1829 2768 1890 2794; x_wconf 86' lang='lat' dir='ltr'><strong>me</strong></span> <span class='ocrx_word' id='word_1_483' title='bbox 1909 2756 1986 2794; x_wconf 87' lang='lat' dir='ltr'><strong>vis?</strong></span> <span class='ocrx_word' id='word_1_484' title='bbox 2020 2756 2081 2795; x_wconf 88' lang='lat' dir='ltr'><strong>Ct.</strong></span> <span class='ocrx_word' id='word_1_485' title='bbox 2101 2754 2173 2794; x_wconf 83' lang='lat' dir='ltr'><strong>Per</strong></span> 
     </span>
     <span class='ocr_line' id='line_1_92' title="bbox 1593 2806 2171 2855; baseline 0.003 -10"><span class='ocrx_word' id='word_1_486' title='bbox 1593 2806 1795 2846; x_wconf 79' lang='lat' dir='ltr'><strong>Herculem</strong></span> <span class='ocrx_word' id='word_1_487' title='bbox 1830 2817 1869 2846; x_wconf 83' lang='lat' dir='ltr'><strong>te</strong></span> <span class='ocrx_word' id='word_1_488' title='bbox 1904 2821 1985 2855; x_wconf 90' lang='lat' dir='ltr'><strong>oro,</strong></span> <span class='ocrx_word' id='word_1_489' title='bbox 2023 2807 2171 2848; x_wconf 86' lang='lat' dir='ltr'><strong>homini</strong></span> 
     </span>
     <span class='ocr_line' id='line_1_93' title="bbox 1592 2860 2171 2913; baseline 0.005 -15"><span class='ocrx_word' id='word_1_490' title='bbox 1592 2860 1656 2898; x_wconf 88' lang='lat' dir='ltr'><strong>isti</strong></span> <span class='ocrx_word' id='word_1_491' title='bbox 1689 2861 1941 2899; x_wconf 85' lang='lat' dir='ltr'><strong>sordidissimo</strong></span> <span class='ocrx_word' id='word_1_492' title='bbox 1972 2863 2171 2913; x_wconf 82' lang='lat' dir='ltr'><strong>pecuniam</strong></span> 
     </span>
     <span class='ocr_line' id='line_1_94' title="bbox 1591 2913 2171 2966; baseline 0.002 -15"><span class='ocrx_word' id='word_1_493' title='bbox 1591 2926 1659 2964; x_wconf 89' lang='lat' dir='ltr'><strong>pro</strong></span> <span class='ocrx_word' id='word_1_494' title='bbox 1684 2915 1805 2966; x_wconf 82' lang='lat' dir='ltr'><strong>pretio</strong></span> <span class='ocrx_word' id='word_1_495' title='bbox 1833 2913 1968 2965; x_wconf 81' lang='lat' dir='ltr'><strong>puellae</strong></span> <span class='ocrx_word' id='word_1_496' title='bbox 1996 2915 2070 2952; x_wconf 75' lang='lat' dir='ltr'><strong>cito</strong></span> <span class='ocrx_word' id='word_1_497' title='bbox 2097 2914 2171 2952; x_wconf 88' lang='lat' dir='ltr'><strong>sol-</strong></span> 
     </span>
     <span class='ocr_line' id='line_1_95' title="bbox 1592 2966 2172 3018; baseline 0.003 -16"><span class='ocrx_word' id='word_1_498' title='bbox 1592 2966 1683 3012; x_wconf 82' lang='lat' dir='ltr'><strong>vite,</strong></span> <span class='ocrx_word' id='word_1_499' title='bbox 1705 2979 1751 3004; x_wconf 85' lang='lat' dir='ltr'><strong>ne</strong></span> <span class='ocrx_word' id='word_1_500' title='bbox 1783 2967 1814 3005; x_wconf 83' lang='lat' dir='ltr'><strong>si</strong></span> <span class='ocrx_word' id='word_1_501' title='bbox 1844 2968 1961 3018; x_wconf 84' lang='lat' dir='ltr'><strong>magis</strong></span> <span class='ocrx_word' id='word_1_502' title='bbox 1994 2967 2172 3014; x_wconf 69' lang='lat' dir='ltr'><strong>irritetur,</strong></span> 
     </span>
     <span class='ocr_line' id='line_1_96' title="bbox 1590 3016 2168 3070; baseline 0.003 -14"><span class='ocrx_word' id='word_1_503' title='bbox 1590 3018 1716 3070; x_wconf 85' lang='lat' dir='ltr'><strong>aliquo</strong></span> <span class='ocrx_word' id='word_1_504' title='bbox 1746 3019 1857 3056; x_wconf 86' lang='lat' dir='ltr'><strong>modo</strong></span> <span class='ocrx_word' id='word_1_505' title='bbox 1890 3031 2015 3057; x_wconf 85' lang='lat' dir='ltr'><strong>rumor</strong></span> <span class='ocrx_word' id='word_1_506' title='bbox 2055 3016 2168 3069; x_wconf 83' lang='lat' dir='ltr'><strong>hujus</strong></span> 
     </span>
     <span class='ocr_line' id='line_1_97' title="bbox 1590 3071 2170 3122; baseline 0.003 -14"><span class='ocrx_word' id='word_1_507' title='bbox 1590 3073 1641 3108; x_wconf 87' lang='lat' dir='ltr'><strong>rei</strong></span> <span class='ocrx_word' id='word_1_508' title='bbox 1655 3071 1700 3110; x_wconf 89' lang='lat' dir='ltr'><strong>ad</strong></span> <span class='ocrx_word' id='word_1_509' title='bbox 1715 3081 1857 3122; x_wconf 84' lang='lat' dir='ltr'><strong>patrem</strong></span> <span class='ocrx_word' id='word_1_510' title='bbox 1880 3084 1964 3122; x_wconf 71' lang='lat' dir='ltr'><strong>pen</strong></span> <span class='ocrx_word' id='word_1_511' title='bbox 1969 3072 2084 3117; x_wconf 80' lang='lat' dir='ltr'><strong>emat</strong></span> <span class='ocrx_word' id='word_1_512' title='bbox 2111 3080 2170 3115; x_wconf 64' lang='lat' dir='ltr'><strong>at:-⁴</strong></span> 
     </span>
     <span class='ocr_line' id='line_1_98' title="bbox 1588 3124 2168 3176; baseline -0.002 -14"><span class='ocrx_word' id='word_1_513' title='bbox 1588 3136 1660 3174; x_wconf 84' lang='lat' dir='ltr'><strong>que</strong></span> <span class='ocrx_word' id='word_1_514' title='bbox 1674 3137 1744 3176; x_wconf 86' lang='lat' dir='ltr'><strong>ego</strong></span> <span class='ocrx_word' id='word_1_515' title='bbox 1761 3137 1851 3161; x_wconf 78' lang='lat' dir='ltr'><strong>tunc</strong></span> <span class='ocrx_word' id='word_1_516' title='bbox 1868 3124 2020 3164; x_wconf 77' lang='lat' dir='ltr'><strong>omnino</strong></span> <span class='ocrx_word' id='word_1_517' title='bbox 2039 3125 2168 3165; x_wconf 81' lang='lat' dir='ltr'><strong>interi-</strong></span> 
     </span>
     <span class='ocr_line' id='line_1_99' title="bbox 1586 3175 2166 3227; baseline 0 -13"><span class='ocrx_word' id='word_1_518' title='bbox 1586 3179 1691 3214; x_wconf 83' lang='lat' dir='ltr'><strong>erim.</strong></span> <span class='ocrx_word' id='word_1_519' title='bbox 1718 3175 2031 3227; x_wconf 70' lang='grc' dir='ltr'><strong>ὁ]1ἀηοη6σῑ;</strong></span> <span class='ocrx_word' id='word_1_520' title='bbox 2060 3189 2166 3215; x_wconf 84' lang='lat' dir='ltr'><strong>secu-</strong></span> 
     </span>
    </p>
   </div>
   <div class='ocr_carea' id='block_1_10' title="bbox 104 3227 2164 3378">
    <p class='ocr_par' dir='ltr' id='par_1_28' title="bbox 104 3227 2162 3378">
     <span class='ocr_line' id='line_1_100' title="bbox 104 3227 2162 3284; baseline 0.001 -18"><span class='ocrx_word' id='word_1_521' title='bbox 104 3241 166 3266; x_wconf 79' lang='lat' dir='ltr'><strong>rus</strong></span> <span class='ocrx_word' id='word_1_522' title='bbox 183 3236 283 3266; x_wconf 86' lang='lat' dir='ltr'><strong>esto.</strong></span> <span class='ocrx_word' id='word_1_523' title='bbox 312 3227 452 3267; x_wconf 86' lang='lat' dir='ltr'><strong>interea</strong></span> <span class='ocrx_word' id='word_1_524' title='bbox 466 3242 551 3270; x_wconf 85' lang='lat' dir='ltr'><strong>cum</strong></span> <span class='ocrx_word' id='word_1_525' title='bbox 569 3232 687 3271; x_wconf 81' lang='lat' dir='ltr'><strong>amica</strong></span> <span class='ocrx_word' id='word_1_526' title='bbox 704 3233 882 3284; x_wconf 81' lang='lat' dir='ltr'><strong>voluptati</strong></span> <span class='ocrx_word' id='word_1_527' title='bbox 909 3230 1104 3284; x_wconf 79' lang='lat' dir='ltr'><strong>indulge,</strong></span> <span class='ocrx_word' id='word_1_528' title='bbox 1108 3243 1146 3270; x_wconf 81' lang='lat' dir='ltr'><strong>et</strong></span> <span class='ocrx_word' id='word_1_529' title='bbox 1173 3231 1288 3270; x_wconf 85' lang='lat' dir='ltr'><strong>lectos</strong></span> <span class='ocrx_word' id='word_1_530' title='bbox 1320 3233 1450 3278; x_wconf 83' lang='lat' dir='ltr'><strong>sterni,</strong></span> <span class='ocrx_word' id='word_1_531' title='bbox 1481 3234 1684 3280; x_wconf 67' lang='lat' dir='ltr'><strong>caeteraque</strong></span> <span class='ocrx_word' id='word_1_532' title='bbox 1710 3230 1753 3266; x_wconf 89' lang='lat' dir='ltr'><strong>ad</strong></span> <span class='ocrx_word' id='word_1_533' title='bbox 1782 3241 1924 3271; x_wconf 82' lang='lat' dir='ltr'><strong>coenam</strong></span> <span class='ocrx_word' id='word_1_534' title='bbox 1955 3230 2162 3268; x_wconf 79' lang='lat' dir='ltr'><strong>necessaria</strong></span> 
     </span>
     <span class='ocr_line' id='line_1_101' title="bbox 104 3280 2164 3378; baseline 0.001 -60"><span class='ocrx_word' id='word_1_535' title='bbox 104 3282 270 3319; x_wconf 84' lang='lat' dir='ltr'><strong>adornari</strong></span> <span class='ocrx_word' id='word_1_536' title='bbox 280 3280 383 3331; x_wconf 80' lang='lat' dir='ltr'><strong>jube.</strong></span> <span class='ocrx_word' id='word_1_537' title='bbox 436 3280 622 3334; x_wconf 84' lang='lat' dir='ltr'><strong>Egojam,</strong></span> <span class='ocrx_word' id='word_1_538' title='bbox 640 3285 811 3324; x_wconf 74' lang='lat' dir='ltr'><strong>confecto</strong></span> <span class='ocrx_word' id='word_1_539' title='bbox 826 3286 992 3378; x_wconf 40' lang='lat' dir='ltr'><strong>neffotio,</strong></span> <span class='ocrx_word' id='word_1_540' title='bbox 1011 3285 1112 3323; x_wconf 88' lang='lat' dir='ltr'><strong>illinc</strong></span> <span class='ocrx_word' id='word_1_541' title='bbox 1130 3284 1282 3323; x_wconf 85' lang='lat' dir='ltr'><strong>domurn</strong></span> <span class='ocrx_word' id='word_1_542' title='bbox 1302 3299 1360 3324; x_wconf 88' lang='lat' dir='ltr'><strong>me</strong></span> <span class='ocrx_word' id='word_1_543' title='bbox 1375 3285 1529 3323; x_wconf 85' lang='lat' dir='ltr'><strong>referam</strong></span> <span class='ocrx_word' id='word_1_544' title='bbox 1547 3296 1631 3321; x_wconf 76' lang='lat' dir='ltr'><strong>cum</strong></span> <span class='ocrx_word' id='word_1_545' title='bbox 1655 3282 1800 3326; x_wconf 83' lang='lat' dir='ltr'><strong>eduliis,</strong></span> <span class='ocrx_word' id='word_1_546' title='bbox 1820 3294 1902 3332; x_wconf 55' lang='lat' dir='ltr'><strong>quae</strong></span> <span class='ocrx_word' id='word_1_547' title='bbox 1922 3291 2046 3335; x_wconf 75' lang='lat' dir='ltr'><strong>empta</strong></span> <span class='ocrx_word' id='word_1_548' title='bbox 2061 3290 2164 3321; x_wconf 79' lang='lat' dir='ltr'><strong>sunt.</strong></span> 
     </span>
    </p>
   </div>
   <div class='ocr_carea' id='block_1_11' title="bbox 108 3332 858 3389">
    <p class='ocr_par' dir='ltr' id='par_1_29' title="bbox 108 3332 858 3389">
     <span class='ocr_line' id='line_1_102' title="bbox 108 3332 858 3389; baseline 0.008 -17"><span class='ocrx_word' id='word_1_549' title='bbox 108 3333 179 3373; x_wconf 74' lang='lat' dir='ltr'><strong>Ch.</strong></span> <span class='ocrx_word' id='word_1_550' title='bbox 208 3332 271 3373; x_wconf 85' lang='lat' dir='ltr'><strong>Sic</strong></span> <span class='ocrx_word' id='word_1_551' title='bbox 289 3334 354 3373; x_wconf 82' lang='lat' dir='ltr'><strong>fiat</strong></span> <span class='ocrx_word' id='word_1_552' title='bbox 367 3347 510 3387; x_wconf 67' lang='lat' dir='ltr'><strong>qua-so,</strong></span> <span class='ocrx_word' id='word_1_553' title='bbox 539 3336 688 3389; x_wconf 78' lang='lat' dir='ltr'><strong>quando</strong></span> <span class='ocrx_word' id='word_1_554' title='bbox 703 3335 785 3378; x_wconf 85' lang='lat' dir='ltr'><strong>haec</strong></span> <span class='ocrx_word' id='word_1_555' title='bbox 801 3351 858 3378; x_wconf 88' lang='lat' dir='ltr'><strong>res</strong></span> 
     </span>
    </p>
   </div>
   <div class='ocr_carea' id='block_1_12' title="bbox 903 3308 1875 3387">
    <p class='ocr_par' dir='ltr' id='par_1_30' title="bbox 903 3308 1875 3387">
     <span class='ocr_line' id='line_1_103' title="bbox 903 3308 1875 3387; baseline -0.004 -10.954"><span class='ocrx_word' id='word_1_556' title='bbox 903 3338 1030 3382; x_wconf 84' lang='lat' dir='ltr'><strong>·liciter</strong></span> <span class='ocrx_word' id='word_1_557' title='bbox 1048 3338 1154 3377; x_wconf 84' lang='lat' dir='ltr'><strong>nobis</strong></span> <span class='ocrx_word' id='word_1_558' title='bbox 1174 3335 1310 3387; x_wconf 65' lang='lat' dir='ltr'><strong>evenit,</strong></span> <span class='ocrx_word' id='word_1_559' title='bbox 1328 3337 1430 3378; x_wconf 87' lang='lat' dir='ltr'><strong>hunc</strong></span> <span class='ocrx_word' id='word_1_560' title='bbox 1450 3338 1577 3378; x_wconf 62' lang='lat' dir='ltr'><strong>laetum</strong></span> <span class='ocrx_word' id='word_1_561' title='bbox 1595 3347 1743 3387; x_wconf 75' lang='lat' dir='ltr'><strong>agamus</strong></span> <span class='ocrx_word' id='word_1_562' title='bbox 1759 3308 1875 3375; x_wconf 59' lang='lat' dir='ltr'><strong>dieu?</strong></span> 
     </span>
    </p>
   </div>
  </div>
 </body>
</html>
