2340 3964
786 166 1022 222 ACTUS
1058 169 1101 222 1.
1170 169 1405 253 ¹soENA
1440 160 1507 226 v.

120 289 244 388 My.
297 313 473 366 Unum
511 310 611 363 hoc
654 309 775 376 sciO,
818 313 1052 366 meritam
1088 331 1209 379 esse,
1251 323 1308 365 ut
1350 332 1547 366 memor

263 392 390 437 esses
412 383 505 435 sui.
1194 423 1196 427 s
1475 387 1544 449 47

121 455 224 510 Pa.
259 457 468 508 Memor
497 455 690 508 essem?
737 456 768 506 ὂ
799 454 977 524 Mysis„
1012 454 1187 524 Mysis,
1222 455 1377 508 etiam
1407 475 1545 510 nunc

264 527 395 578 mihi
1549 552 1551 554 ·

119 599 319 667 Scripta
344 599 430 650 illa
454 597 589 649 dicta
612 607 728 649 sunt
753 598 804 649 in
829 598 1002 649 animo
1027 597 1278 666 Chrysidis

116 668 202 723 De
226 669 480 738 Glycerio,
551 668 671 721 Jam
691 671 850 721 ferme
874 668 1093 720 moriens
1120 686 1202 719 me
1227 678 1402 721 vocat:

119 740 326 794 Accessi
347 761 359 792 :
397 757 482 791 vos
506 745 743 792 semotae:
781 758 871 792 nos
895 739 988 791 soli
1010 759 1024 790 z
1062 739 1274 807 incipit:

118 811 204 867 Mi
221 811 506 880 Pamphile,
531 812 679 882 hujus
704 813 918 863 formam
942 820 1091 879 atque
1115 820 1315 861 aetatem
1343 808 1512 862 vides:

118 882 233 935 Nec
253 885 383 935 clam
410 892 461 934 te
480 891 569 947 est,
595 885 746 952 quam
773 881 844 933 illi
870 891 1096 949 utraeque
1118 899 1195 932 res
1216 881 1420 932 inutiles
1519 914 1522 917 -

118 952 194 1007 Et
210 955 272 1006 ad
296 953 669 1024 pudicitiamet
691 952 756 1005 ad
778 951 1175 1004 tutandam-rem
1199 951 1346 1006 sient.
1474 950 1478 953 ’

119 1025 270 1082 Quod
295 1044 390 1094 ego
424 1036 475 1077 te
511 1042 602 1094 per
630 1024 763 1076 hanc
797 1023 1024 1080 dextram
1059 1041 1164 1089 oro,
1198 1022 1250 1075 et
1286 1023 1550 1093 ingenium

142 1148 151 1161 ,,
260 1107 406 1149 tuum
426 1115 441 1160 ;
807 1142 809 1149 ,
1470 1095 1550 1148 ‘55

36 1159 46 1172 χ
120 1164 220 1221 Per
235 1178 375 1219 tuam
400 1165 571 1231 fidem,
591 1184 778 1236 perque
796 1164 944 1233 hujus
971 1164 1294 1219 solitudinem
1540 1169 1542 1171 ’

118 1240 198 1292 Te
218 1241 452 1302 obtestor,
471 1255 535 1288 ne
555 1239 642 1288 abs
661 1247 711 1288 te
731 1238 864 1289 hanc
889 1252 1134 1307 segreges,
1158 1256 1257 1290 neu
1278 1238 1501 1292 deseras:

120 1310 178 1363 Si
200 1321 251 1362 te
275 1309 331 1362 in
350 1308 580 1387 germani
605 1308 764 1360 fratris
791 1308 950 1360 dilexi·
972 1310 1100 1372 loeo,

118 1381 239 1435 Sive
262 1380 376 1433 haec
393 1389 450 1431 te
475 1381 638 1433 solum
663 1398 862 1449 semper
880 1379 1003 1432 fecit
1027 1379 1256 1444 maximi,

120 1453 227 1507 Seu
250 1452 344 1504 tibi
368 1451 618 1520 morigera
643 1451 738 1502 fuit
763 1452 816 1503 in
844 1452 988 1502 rebus
1012 1451 1274 1503 omnibus:

118 1518 198 1576 Te
222 1523 306 1577 isti
319 1523 489 1575 =virum
516 1524 597 1586 do,
623 1523 864 1586 amicum,
883 1532 1117 1587 tutorem,
1135 1534 1331 1591 patrem
1353 1541 1366 1575 ε

119 1594 268 1648 Bona
303 1604 470 1647 nostra
510 1593 622 1644 haec
664 1593 759 1644 tibi
803 1593 1085 1658 committ0‚
1128 1604 1178 1644 et
1212 1604 1321 1650 tuae
1363 1593 1550 1645 mando

264 1666 402 1720 fidei.

119 1736 276 1791 Hanc
301 1741 375 1790 mi
398 1737 454 1790 in
476 1755 686 1790 manum
707 1735 820 1789 dat:
857 1754 990 1788 mors
1012 1735 1253 1790 continuo
1278 1736 1437 1807 ipsam
1462 1755 1550 1788 oc-

111 1809 121 1824 '
265 1828 331 1862 cu
366 1820 450 1863 at:

118 1828 365 1951 Accepi}³
383 1889 645 1951 acceptam
667 1879 887 1947 servabo.
924 1878 1037 1947 My.
1062 1878 1139 1930 Ita
1160 1886 1309 1948 spero
1324 1880 1547 1950 quidem.

118 1948 227 2006 Pa.
247 1952 370 2005 Sed
392 1970 483 2006 cur
504 1962 561 2004 tu
583 1951 690 2004 abis
720 1952 784 2004 ab
810 1948 935 2002 illa?
973 1949 1086 2019 My.
1111 1952 1430 2005 obstetricem
1466 1971 1551 2003 ac-

265 2019 422 2077 cerso.-
493 2025 595 2078 Pa.
631 2023 862 2094 Propera.
1406 2086 1411 2092 ἱ
1479 2029 1548 2076 65

119 2096 292 2167 Atque
315 2094 520 2162 audiui?
558 2096 768 2148 verbum
794 2112 955 2146 unum
984 2111 1102 2146 cave
1128 2094 1190 2146 de
1228 2117 1399 2158 &qut
1485 2146 1487 2148 ,
1516 2099 1517 2102 ’

119 2165 206 2219 Ne
229 2167 294 2220 ad
316 2168 552 2220 morbum
576 2167 675 2219 hoc
701 2166 871 2218 etiam.
948 2165 1060 2235 My.
1097 2165 1318 2243 tene
1336 2216 1339 2217 γ

1476 674 1546 729 50

1478 1454 1550 1501 60

1296 2255 1339 2271 ψὟ
1384 2259 1443 2311 '⁸⁸'-
1497 2273 1567 2312 Pa.

121 2269 263 2314 Datain
279 2277 430 2327 accepit
457 2267 645 2328 acceptam
664 2274 828 2313 servabo.
882 2274 970 2326 My.
999 2272 1059 2312 Ita
1082 2273 1311 2314 futurum
1358 2282 1399 2317 μί’

122 2324 374 2366 Obstetricem
389 2339 546 2366 accerso.
600 2329 669 2366 Pa.
697 2325 869 2379 Propera.
922 2329 1049 2378 Atque
1065 2328 1217 2366 audisne
1232 2328 1251 2365 ?

125 2392 173 2418 ne
190 2379 236 2419 ad
252 2379 438 2429 morbum,
454 2390 605 2436 propter
621 2379 709 2430 hoc,
729 2380 899 2422 molestia
915 2389 954 2418 et
971 2379 1075 2418 dolor
1092 2379 1254 2419 accedat.

929 2522 1368 2574 ANNOTATIONE&

179 2639 227 2671 55
258 2631 310 2670 Et
324 2630 511 2682 ingenium
529 2629 663 2681 tuum]
710 2630 804 2678 Alii,
820 2638 864 2668 ut
882 2640 920 2669 et
936 2629 1125 2678 Donatus,

122 2682 159 2722 le
212 2694 255 2722 nt
273 2685 436 2734 gazium.
490 2683 637 2723 Genius
657 2682 766 2723 Deus
789 2692 860 2731 est,
876 2685 915 2721 in
943 2684 1047 2733 cujus
1064 2693 1126 2721 tu-

124 2744 163 2775 te
213 2737 381 2784 vivimus,
397 2735 419 2775 a
440 2737 630 2788 gignendo
647 2737 780 2783 dictus,
825 2737 897 2774 uod
910 2737 1036 2774 statim
1055 2750 1123 2774 nos

122 2790 271 2840 genitos
295 2790 487 2842 suscipiat,
512 2800 552 2827 et
579 2798 740 2828 tueatur.
824 2790 883 2827 uit
911 2797 1034 2827 autem
1062 2788 1125 2827 hic

123 2841 251 2880 orandi
269 2842 414 2888 modus,
434 2853 499 2892 per
516 2842 680 2881 Genium
703 2851 742 2880 et
766 2842 944 2889 dextram,
963 2842 1124 2892 antiquis

126 2894 296 2940 usitatus,
313 2903 352 2933 et
369 2894 570 2933 familiaris.
623 2893 717 2934 Hor.
737 2893 810 2946 Ep.
827 2896 889 2933 vii.
907 2894 973 2933 lib.
987 2893 1020 2933 Ι.

178 2945 286 2986 Quod
302 2953 335 2986 le
353 2958 423 3000 pet:
440 2946 616 2996 Genium,
635 2949 869 2999 dextramque
891 2949 1041 3001 deosque
1057 2947 1127 2986 Pe-

333 3006 450 3047 nates,

180 3050 347 3103 Obsecro.
361 3059 395 3093 et
411 3055 571 3093 obtestor.

1177 2789 1317 2828 orbam.

1178 2948 1244 3009 viri
1261 2958 1444 3003 potestate
1457 2958 1531 2989 est.

1968 151 1990 162 ν

2107 179 2171 242 17

1596 314 1687 368 My.
1713 314 1817 359 Qusd
1845 315 1893 353 sis
1918 313 2080 355 facturus
2107 331 2174 357 ne-

1596 369 1692 414 sc'103
1711 369 1774 407 sed
1783 382 1852 420 ego
1865 367 1936 406 hoc
1947 382 2064 407 unum
2080 373 2174 418 scio,

1596 418 1694 458 hanc
1720 423 1889 460 meritam
1917 433 2010 468 esse,
2030 431 2072 460 ut
2096 437 2177 462 me·

1597 485 1679 513 mc:
1698 487 1792 512 esses
1812 475 1883 512 sui.
1928 474 1997 511 Pa.
2025 473 2083 513 Ut
2096 489 2175 514 me-

1597 539 1679 564 mor
1695 528 1840 565 essem?
1871 525 1908 564 O
1925 525 2061 578 Mysis,
2086 527 2176 581 My-

1598 580 1666 616 sis!
1695 581 1808 619 etiam
1840 593 1940 618 nunc
1966 579 2059 617 mihi
2077 581 2176 620 dicta

1598 631 1660 669 illa
1677 630 1865 684 Chrysidis
1893 633 2069 684 impressa
2085 644 2176 672 sunt

1599 684 1639 721 in
1669 685 1796 723 animo
1823 698 1908 723 meo
1923 686 1969 723 de
1989 685 2177 738 Glycerio.

1601 734 1670 775 Illa
1680 738 1759 787 jam
1784 739 1896 776 morti
1923 739 2090 790 proxima
2114 752 2179 778 vo·

1602 791 1696 827 cavit
1723 803 1783 828 me
1800 791 1844 828 ad
1863 805 1922 829 se:
1951 805 2021 843 ego
2038 793 2175 831 accessi
2202 832 2204 834 ,

1602 842 1648 880 ad
1662 855 1765 880 eam:
1786 857 1847 881 vos
1867 845 2086 882 secessistis:
2106 858 2178 883 nos

1602 895 1668 932 soli
1689 897 1953 934 remansimus:
1983 911 2026 935 ea
2043 899 2096 935 sic
2112 898 2181 936 *in—

1604 948 1698 999 cipit
1722 947 1844 1000 loqui:
1877 947 1940 988 Mi
1967 947 2179 1001 Pamphile,

1603 999 1716 1050 hujus
1747 999 1902 1040 formam
1935 1002 2110 1042 eximiam
2139 1003 2181 1043 et

1604 1063 1752 1095 aetatem
1770 1054 1890 1093 vides:
1919 1068 1991 1093 nec
2012 1066 2049 1094 te
2074 1057 2180 1102 latet,

1605 1106 1716 1157 quam
1744 1106 1798 1144 illi
1824 1116 1990 1158 utraeque
2017 1121 2073 1146 res
2098 1110 2183 1148 istae

1600 1159 1846 1198 incommodae
1864 1161 1953 1210 sint,
1968 1170 2008 1199 et
2025 1161 2070 1199 ad
2088 1175 2180 1200 con-

1599 1213 1810 1250 servandam
1862 1214 2080 1264 pudicitiam
2132 1226 2180 1254 >et

1599 1278 1679 1303 rem
1723 1264 1952 1304 familiarem.
2019 1263 2180 1319 Propter

1601 1319 1711 1369 quod,
1728 1331 1792 1356 oro
1810 1327 1848 1356 te
1873 1332 1938 1370 per
1956 1317 2051 1357 hanc
2073 1330 2179 1363 tuam

1601 1372 1780 1418 dextram,
1810 1380 1848 1409 et
1877 1374 2030 1423 genium
2047 1382 2177 1420 tuum;

1601 1437 1668 1476 per
1680 1435 1784 1463 tuam
1801 1425 1928 1471 fidem,
1948 1436 2088 1476 perque
2106 1424 2180 1464 hu-

1595 1478 1659 1528 jus
1677 1477 1914 1515 solitudinem
1938 1487 1976 1515 te
1995 1478 2178 1526 obtestor,

1602 1543 1650 1568 ne
1668 1529 1732 1568 abs
1745 1538 1782 1568 te
1800 1529 1896 1568 hanc
1912 1543 2070 1582 separes>
2086 1545 2180 1570 neve

1604 1583 1768 1621 deseras:
1806 1582 1849 1620 Si
1882 1591 1920 1621 te
1951 1593 1993 1622 ut
2028 1583 2181 1623 fiatrem

1602 1640 1817 1688 germanum
1846 1636 1973 1683 dilexi,
1993 1637 2066 1674 sive
2098 1635 2180 1675 haec

1601 1698 1640 1727 te
1659 1689 1779 1727 solum
1798 1702 1944 1741 semper
1960 1691 2110 1728 maximi
2125 1688 2182 1728 fe-

1603 1743 1670 1790 cit,
1685 1743 1828 1780 caeteris
1845 1740 2060 1780 hominibus
2076 1750 2180 1794 post-

1603 1793 1762 1841 habitis;
1809 1796 1884 1833 sive
1926 1795 1966 1833 in
2007 1795 2181 1835 omnibus

1603 1847 1713 1886 rebus
1730 1847 1800 1885 tibi
1815 1861 1957 1887 morem
1974 1849 2111 1900 gessit:
2141 1858 2181 1887 te

1603 1902 1664 1939 isti
1690 1901 1809 1938 virum
1832 1901 1895 1948 do,
1913 1902 2090 1948 amicum,
2118 1910 2181 1939 tu-

1603 1962 1739 2000 torem,
1768 1963 1933 2004 patrem:
1972 1954 2070 1991 bona
2098 1952 2181 1993 haec

1605 2016 1728 2053 nostra
1741 2007 1810 2044 tibi
1830 2006 2040 2053 committo,
2053 2018 2091 2047 et
2106 2017 2183 2046 tuae

1604 2060 1823 2100 commendo
1831 2060 1929 2098 fidei.
1949 2058 2098 2111 Chrysis
2110 2058 2182 2099 hac

1602 2114 1768 2152 oratione
1793 2113 1913 2160 finita,
1931 2110 2024 2150 mihi
2043 2112 2182 2165 Glyce-

1601 2167 1698 2214 rium
1743 2165 1855 2204 tradit
1910 2166 1950 2203 in
2002 2179 2177 2204 manum:

1600 2233 1699 2258 mors
1727 2219 1852 2257 statim
1880 2219 1999 2270 ipsam
2017 2219 2176 2257 invadit:

1596 2272 1672 2311 Sed
1690 2286 1755 2310 cur
1778 2272 1856 2310 abis
1881 2271 1926 2309 ab
1944 2270 2034 2310 illa?
2089 2273 2180 2325 My.

1312 2328 1352 2342 ι
1365 2341 1454 2376 ,ne
1474 2326 1530 2365 5111
1548 2339 1667 2365 unum
1679 2326 1832 2364 verbum
1849 2325 1947 2364 dicas
1961 2324 2006 2363 de
2023 2326 2179 2378 nuptiis,

1233 2637 1279 2676 57
1311 2633 1370 2670 Ne
1394 2632 1457 2670 abs
1476 2638 1512 2674 te
1532 2632 1627 2671 hanc
1652 2629 1838 2682 segreges]
1894 2624 2094 2682 Segregare
2121 2639 2180 2668 est

1177 2684 1198 2722 a
1214 2697 1326 2737 grege
1342 2697 1519 2736 separare.
1573 2683 1770 2723 Sententia
1788 2691 1857 2729 est,
1873 2696 1920 2721 ne
1938 2695 2120 2734 segreges,
2140 2682 2180 2720 id

1176 2745 1248 2783 est,
1266 2739 1435 2789 repudies
1454 2737 1716 2788 tibijunctam‚
1736 2750 1810 2775 neu
1832 2737 1973 2775 deseras
1990 2735 2120 2782 solam,
2140 2746 2179 2774 et

1231 2847 1279 2880 63
1321 2843 1429 2882 Hanc
1456 2841 1512 2882 mi
1541 2844 1581 2881 in
1605 2856 1760 2882 manu-m
1786 2841 1880 2892 dat]
1951 2839 1996 2880 Id
2032 2849 2102 2886 est,
2136 2840 2177 2878 fit

1178 2893 1272 2933 mihi
1303 2909 1408 2944 uxor,
1442 2906 1482 2934 et
1509 2895 1793 2946 materfamilias,
1821 2909 1906 2950 quae
1931 2895 1972 2936 in
1998 2907 2112 2936 manu
2139 2903 2177 2930 et
