2314 3944
103 157 197 222 ,72

127 299 281 339 consilia
289 315 380 340 meae
390 306 528 354 pruden
534 307 605 343 tioe.
620 304 695 343 Gn.

68 355 73 361 ‘
128 348 173 390 Id
191 353 454 393 admirandum.
509 360 574 396 Th.
597 357 696 396 Tum

127 405 246 443 sicubi
260 405 405 446 fastidio
417 408 624 457 boininum,
633 419 696 447 aut

126 458 239 496 taedio
251 461 481 511 negotiorum
490 462 696 508 tenebatur,

125 510 158 547 si
174 511 310 560 quietis
331 512 509 551 desiderio
530 514 697 564 capieba-

124 570 203 607 tur,
239 564 360 613 quasi3
405 566 552 603 scisne?
620 566 697 603 Gn.

127 609 247 658 Quasi
274 616 418 665 quando
445 627 628 656 evomeret
654 618 698 655 il-

58 674 62 678 ”
124 665 199 705 Iam
233 667 437 705 molestiam
478 683 523 707 ex
561 671 696 709 animo.

55 753 60 757 .
125 718 194 758 Th.
213 717 353 762 Nesti„
381 718 489 758 Tunc
504 735 563 760 me
576 723 695 760 solum

52 771 66 804 ⁹.
121 769 325 809 abductum
360 785 496 812 mensae
523 776 695 813 comitem

125 821 334 861 adhibebat.
389 824 465 863 Gn.
493 825 592 865 Hui!
622 826 696 865 Re-

152 887 210 912 em
223 874 387 926 lepidum
406 891 595 918 memoras.
632 881 697 918 Th.

122 961 124 964 ,
147 929 222 972 mo,
251 929 303 966 sic
330 928 444 967 homo
472 941 697 983 comparatus

123 985 199 1025 ατς
241 993 506 1032 perpaucorum
543 985 697 1029 firmilia-

118 1032 233 1073 1itate
275 1034 405 1071 utitur.
448 1054 450 1058 ν
479 1035 556 1075 Gn.
600 1036 696 1083 huo,

126 1084 328 1134 nullorum,
366 1089 397 1124 si
437 1087 561 1126 tecum
594 1091 695 1134 vivit,

125 1145 166 1175 et
198 1147 373 1176 versatur.
445 1131 511 1178 Th.
553 1140 694 1180 Omnes

125 1187 221 1228 mihi
272 1191 497 1239 invidebant,
553 1195 695 1233 occulte

125 1242 399 1281 obtrectabant:
420 1258 490 1296 ego
507 1245 612 1284 nihili
627 1261 695 1285 aes-

122 1294 345 1333 amabamz-
384 1309 619 1337 veruntamen
652 1314 696 1338 u·

126 1360 197 1389 nus
215 1350 372 1386 maxime
389 1351 571 1397 omnium,
602 1350 695 1390 mihi

127 1399 327 1445 invidebat,
379 1405 477 1440 ‘uem
519 1417 583 1441 rex
622 1404 696 1441 ele-

123 1450 276 1503 phantis
310 1452 355 1490 In
383 1455 448 1493 icis
483 1455 695 1505 praefectum

126 1505 390 1545 constituerat:
439 1508 470 1544 is
510 1508 597 1546 cum
629 1510 699 1547 im-

124 1567 305 1611 portunus
324 1560 439 1610 magis
458 1568 567 1607 esset,
585 1558 699 1603 Quae-

125 1623 183 1656 so,
211 1611 378 1660 inquam,
405 1609 541 1659 Strato,
570 1626 616 1650 an
642 1615 697 1651 id-

125 1663 224 1711 circo
244 1662 431 1702 -ferocuius
450 1673 487 1702 et
511 1665 626 1704 ela'tus
644 1680 696 1713 es,

125 1715 214 1763 quia
229 1714 360 1753 belluis
384 1717 562 1768 imperas?
622 1719 698 1757 Gn.

126 1766 233 1806 Belle
264 1767 448 1807 mehercle
483 1779 520 1808 et
552 1771 696 1825 sapien-

124 1828 184 1858 ter
210 1820 368 1859 dictum:
407 1824 533 1874 papae!
573 1836 699 1863 vocem

124 1871 271 1911 homini
310 1875 558 1925 praecluseras,
594 1877 697 1925 quasi

118 1925 296 1976 jugulum
320 1928 558 1977 praecidisses.
596 1927 701 1972 Quid

76 1985 85 1990 ’
125 1978 190 2017 ille
207 1979 424 2029 respondit?
459 1982 525 2018 le.
555 1980 700 2019 Obmu-

125 2031 201 2069 tuit
241 2031 352 2069 illico.
435 2032 511 2071 Gn.
557 2030 700 2075 Quidni

125 2082 401 2123 obmutuisset?
455 2086 525 2124 Pa.
552 2085 619 2124 Dii
639 2099 699 2124 ve-

126 2145 240 2174 stram
252 2135 382 2174 fidem!
410 2136 601 2176 hominem
615 2148 697 2191 per-

121 2188 260 2235 ditum,
295 2190 557 2242 miserumque,
586 2200 623 2228 et
654 2192 698 2229 il-

128 2241 207 2280 lum
231 2241 467 2293 sacrilegum!
509 2245 574 2281 Th.
597 2242 700 2287 Quid

126 2293 236 2339 illud,
253 2293 434 2334 Gnatho?
464 2294 604 2333 Nonne
621 2310 699 2334 rne-

122 2346 305 2385 motabile
330 2356 400 2394 est,
413 2348 557 2398 quibus
583 2350 700 2387 modis

127 2397 319 2438 Rhodium
367 2400 459 2439 salse
504 2403 700 2439 taxaverim

127 2449 170 2490 >in
201 2453 393 2491 convivio?
440 2453 606 2505 nunquid
631 2454 699 2492 tibi

128 2505 300 2543 narravi?
365 2504 441 2544 Gn.
474 2504 699 2556 Nunquam:

129 2556 195 2594 sed
212 2555 321 2603 refer,
340 2570 477 2607 quaeso.
518 2557 604 2596 Plus
620 2559 701 2597 mil-

129 2608 196 2647 lies
221 2609 300 2659 jam
330 2610 463 2651 audivi.
518 2612 583 2649 le.
610 2611 701 2657 Hic,

129 2664 243 2712 q‘uem
257 2662 354 2708 dico,
371 2661 540 2701 Rhodius
554 2664 629 2701 ‘una
642 2676 701 2700 ca-

160 2714 256 2752 iebat
285 2714 409 2753 cibum
445 2718 484 2754 in
521 2717 698 2754 convivio.

129 2727 245 2806 {orte
259 2767 495 2817 adjunxeram
513 2767 604 2806 mihi
624 2781 701 2806 me-

130 2819 323 2858 retricem:
365 2822 477 2871 coepit
504 2820 566 2858 ille
598 2819 701 2859 Rho-

131 2871 216 2910 dius
234 2871 528 2910 adolescentulus
552 2874 586 2910 ei
609 2873 701 2911 ullu-

130 2923 224 2962 dens
254 2923 425 2970 blandiri,
454 2933 491 2963 et
522 2937 582 2962 me
611 2926 701 2964 risui

130 2974 292 3015 habere:
323 2974 426 3020 Quid
448 2978 514 3024 ais,
536 2978 701 3028 inquam,

744 1432 1012 1499 angulatas
1038 1432 1315 1485 hominem.
1344 1431 1463 1498 quid
1479 1432 1602 1496 ille?

692 165 748 217 Ρ.
784 148 1126 218 'rERENTn
1162 164 1578 219 EUNUCHUS.

751 306 986 356 Consilia.
1027 306 1124 357 Gn.
1151 305 1353 357 mirum.
1405 306 1496 357 Th.
1519 315 1626 356 tum
1648 304 1806 356 sicubi
1825 321 1940 356 eum
1958 301 2156 355 satietas

749 375 1052 440 Hominum,
1071 386 1155 426 aut
1174 378 1344 442 negoti
1369 375 1406 426 si
1432 377 1629 444 quando
1651 376 1822 427 odium
1847 385 2061 444 ceperat,

750 445 1081 514 Requiescere
1096 445 1181 496 ubi
1202 447 1410 509 volebat,
1429 446 1565 514 quasi
1581 466 1593 496 ι
1612 446 1807 513 nostinf?
1833 446 1930 498 Gn.
1946 444 2062 497 scio,
2084 448 2153 496 15

751 516 907 571 Quasi
954 518 1041 567 ubi
1057 516 1228 566 ‘illam
1272 525 1530 584 exspueret
1572 516 1817 566 miseriam
1861 533 1944 567 ex,
1966 515 2153 566 animo.

878 586 990 639 Th.
1020 596 1186 651 tene&
1729 623 1732 625 >
1856 633 1858 642 .

748 658 883 708 Tum
904 674 986 708 me
1006 656 1266 708 convivam
1283 652 1446 707 solum
1465 655 1743 708 abducebat
1761 656 1869 708 sibi.
1925 656 2025 720 G‘n.
2046 653 2155 718 hui,

750 727 955 795 Regem
970 729 1251 795 elegantem
1274 729 1451 777 narras,
1514 727 1604 777 Th.
1630 726 1749 789 imo,
1764 727 1843 780 ,sic
1865 726 2020 776 homo

747 798 842 849 Est
873 802 1236 866 'perpaucorum
1272 797 1552 849 hominum.
1631 797 1729 848 Gn.
1765 797 1870 850 imo
1901 797 2154 847 n'ullorum

890 869 1113 932 arbitror,
1861 868 1865 874 '
1970 873 1974 877 ’

751 938 807 989 Si
833 939 1152 990 tecum-vivit.
1233 939 1328 990 ΤΙι.
1355 938 1573 990 invidere
1598 936 1940 1007 omnes‘mihss

750 1010 986 1060 Mordere
1011 1011 1297 1061 clanculum
1318 1030 1329 1060 :
1368 1027 1462 1077 ego
1486 1009 1630 1061 flocci
1655 1008 1901 1077 pendere:

749 1079 831 1130 Illi
856 1080 1075 1136 invidere
1102 1080 1307 1142 misere3
1346 1082 1517 1130 versim
1539 1098 1667 1130 unus
1691 1090 1862 1130 tamen

747 1150 998 1218 Impense,
1022 1151 1297 1218 elephantis
1323 1169 1472 1218 quem
1503 1150 1690 1201 lndicis
1711 1151 2027 1217 praefecerat:

746 1221 795 1272 Is
824 1221 908 1271 ubi
934 1223 1169 1271 molestus
1197 1221 1354 1287 magis
1379 1231 1467 1282 est,
1493 1221 1695 1283 Quaeso,
1722 1221 1943 1288 inquam,
1978 1223 2159 1285 Strato,

748 1290 894 1342 Eone
912 1309 963 1342 es
979 1293 1132 1355 ferox,
1153 1291 1270 1359 quia
1287 1292 1438 1342 habes
1454 1291 1719 1359 imperium
1741 1291 1790 1342 in
1812 1293 2028 1344 belluas?
2087 1297 2155 1343 25

752 1362 851 1413 Gn.
890 1360 1070 1412 Pulcre
1091 1362 1341 1412 mehercle
1363 1361 1554 1416 dictum
1580 1372 1631 1412 et
1653 1361 1912 1429 sapienter.
1933 1363 2107 1432 papae!

2086 938 2157 985 20

753 1503 853 1554 Gn.
890 1502 1084 1557 Quidni
1103 1503 1262 1553 esset?
1322 1501 1430 1553 Pa.
1453 1501 1545 1554 Dii
1568 1511 1778 1554 vostram
1803 1502 1971 1555 fidem.
1993 1503 2160 1554 homi-

890 1590 1007 1624 nem
1033 1573 1302 1643 perditum,
1921 1573 2162 1642 [Gnath0,

750 1642 1113 1712 Miserumque,
1140 1654 1190 1694 et
1214 1643 1357 1694 illum
1385 1643 1698 1710 sacrilegum.
1762 1642 1857 1693 Th.
1878 1643 1998 1712 quid
2019 1644 2162 1708 illud,

753 1714 870 1768 Quo
894 1724 1041 1783 pacto
1060 1712 1322 1782 Rhodium
1348 1713 1597 1782 tetigerim
1625 1713 1677 1763 in
1698 1713 1942 1779 convivio,
2090 1719 2162 1765 30

751 1784 996 1856 Nunquid
1015 1785 1107 1838 tibi
1128 1784 1257 1836 dixi?
1325 1785 1422 1836 Gn.
1451 1802 1739 1852 nunquam:
1780 1784 1865 1834 sed
1890 1795 2047 1850 narra,
2070 1785 2163 1835 ob-

890 1874 1042 1907 secr0.

751 1926 868 1978 Plus
894 1927 1076 1977 millies
1088 1923 1200 1993 jam¹
1220 1925 1398 1975 audivi.
1481 1925 1570 1975 ΤΙι.
1608 1927 1710 1976 una
1734 1924 1784 1975 in
1812 1926 2040 1978 convivio

751 1997 877 2048 Erat
902 1998 1001 2058 hic,
1029 2000 1178 2064 quem
1205 1995 1334 2059 dico,
1361 1994 1585 2045 Rhodius
1608 1996 2020 2051 adolescentuluS.

752 2068 900 2132 Forte
925 2067 1079 2119 habui
1103 2079 1319 2117 scortum
1342 2085 1352 2118 :
1395 2064 1550 2132 coepit
1574 2066 1636 2116 ad
1662 2065 1710 2115 id
1737 2067 1974 2130 alludere,

748 2138 820 2190 Et
843 2157 926 2189 me
960 2134 1191 2190 irridere:
1231 2136 1351 2206 quid
1386 2135 1508 2203 agiS,
1545 2135 1767 2205 inquam,
1805 2135 1959 2207 liomo
1994 2137 2162 2208 impu·

1031 2210 1047 2248 >
1327 2229 1344 2233 .-

751 2209 1056 2401 Ιᾷορυῑεὶθῐῖιῖο
1084 2297 1151 2343 eS,
1189 2287 1238 2329 et
1263 2273 1647 2348 pulpamentum
1673 2272 1868 2345 quaeriS.
1946 2279 2046 2332 Gn.
2079 2215 2164 2344 ὶῖιιὸ,

915 2369 974 2414 ta,
1037 2370 1098 2402 ae.

762 2421 853 2472 Th.
878 2421 1018 2476 Quid
1037 2422 1135 2472 est?
1179 2422 1277 2472 Gn.
1298 2420 1472 2481 facete,
1490 2418 1669 2487 lepide,
1689 2420 1839 2483 laute,
1857 2419 1984 2473 nihil
1998 2423 2164 2490 supra.

752 2491 1005 2554 Tuumne,
1024 2493 1228 2543 obsecro
1247 2501 1313 2554 te,
1332 2491 1429 2542 hoc
1441 2489 1632 2540 dictum
1651 2490 1782 2539 erat?
1809 2490 1940 2541 vetu'
1959 2491 2164 2544 credidi.

761 2562 854 2613 Th.
879 2562 1153 2614 Audieras?
1215 2563 1313 2612 Gn.
1350 2578 1498 2629 saepe,
1524 2570 1573 2611 et
1591 2561 1744 2611 fertur
1761 2559 1811 2610 in
1832 2561 2021 2630 primis,
2066 2561 2161 2616 Th.

896 2651 1067 2684 meum
1093 2643 1180 2683 est.
1460 2664 1464 2668 ι
2092 2638 2162 2684 39

758 2704 856 2755 Gn.
878 2703 1034 2755 Dolet
1053 2703 1245 2754 dIctum
1266 2701 1569 2770 imprudenti
1592 2701 1910 2764 adolescenti,
1926 2710 1975 2752 et
1988 2701 2163 2754 libero.

755 2773 861 2826 Pa.
887 2775 954 2825 At
980 2783 1030 2824 te
1051 2774 1121 2825 dii
1145 2773 1369 2843 perdant.
1432 2773 1531 2824 Gn.
1556 2771 1677 2842 quid
1702 2771 1786 2823 ille
1810 2773 2014 2841 quaeso?
2069 2773 2162 2826 le.

891 2844 1123 2913 perditus.

754 2915 882 2969 Risu
907 2932 1096 2979 omneS,
1122 2915 1207 2984 qui
1232 2915 1453 2976 aderant,
1478 2911 1678 2964 emoriri
1699 2931 1710 2964 :
1751 2911 1964 2991 denique

123 3028 249 3073 homo
265 3030 458 3081 impudens
473 3030 488 3067 ?
502 3027 590 3076 -Tu,
604 3031 687 3068 cum
704 3031 780 3081 ipse
795 3031 914 3082 praeda
928 3032 992 3076 sis,
1006 3039 1044 3069 et
1060 3030 1164 3069 cibus
1182 3031 1400 3079 exquisitus,
1415 3029 1575 3066 alienum
1592 3035 1715 3065 tamen
1733 3028 1855 3066 cibum
1870 3030 2041 3068 sectaris:
2070 3039 2110 3068 et
2123 3031 2162 3069 in

131 3081 248 3120 altero
265 3083 411 3132 quaeris,
426 3083 524 3132 quod
543 3081 635 3120 alius
653 3084 690 3120 in
709 3093 745 3120 te
764 3093 914 3133 quaerat.
968 3083 1043 3120 Gn.
1072 3082 1148 3129 Ha,
1166 3082 1228 3129 ha,
1244 3082 1316 3120 hue.
1371 3082 1437 3119 Th.
1464 3079 1566 3122 Quid
1584 3081 1653 3117 tibi
1673 3080 1842 3118 videtur?
1901 3081 1976 3120 Gn.
1998 3080 2164 3127 Urbane,

134 3135 300 3179 venuste,
315 3135 522 3185 magnifice,
541 3133 635 3172 nihil
653 3135 764 3186 supra
777 3144 844 3173 est.
895 3134 1004 3173 Tune
1016 3134 1126 3186 liujus
1144 3136 1260 3186 adagii
1280 3142 1404 3172 auctor
1419 3131 1551 3170 fuisti?
1581 3130 1697 3169 Vetus
1712 3145 1788 3168 esse
1805 3133 1954 3172 credidi.
2006 3135 2074 3172 Th.
2100 3134 2164 3172 An
2185 3180 2188 3182 ,

162 3188 235 3224 rius
258 3187 296 3225 id
319 3187 509 3225 audieras?
567 3186 644 3225 Gn.
671 3185 801 3238 Soepe3
831 3200 916 3224 nam
942 3187 1051 3238 vulgo
1075 3189 1114 3224 in
1141 3189 1269 3238 primis
1280 3186 1450 3235 jactatur.
1505 3185 1572 3221 Th.
1598 3183 1636 3221 A
1660 3196 1720 3221 me
1747 3184 1937 3224 inventum
1963 3194 2032 3224 est.
2087 3185 2167 3224 Gn.

133 3200 253 3278 {Dolet
269 3238 378 3286 mihi,
400 3238 498 3287 quod
515 3237 587 3277 hoc
608 3239 738 3277 dixeris
752 3238 973 3277 adolescenti
995 3239 1218 3290 imprudenti
1237 3238 1400 3288 quidem,
1418 3236 1481 3274 sed
1500 3235 1627 3291 libero.
1682 3236 1750 3273 Pa.
1776 3237 1829 3275 At
1849 3247 1885 3275 te
1904 3238 1954 3276 dii
1973 3237 2068 3276 male
2081 3250 2165 3289 per-

132 3290 235 3329 dant.
293 3292 370 3333 Gn.
396 3287 577 3335 Quid'iue
592 3305 715 3345 quaeso
738 3300 827 3333 tunc
844 3289 964 3330 fecit?
1021 3292 1088 3329 ΤΙι.
1114 3290 1310 3331 Attonitus
1327 3289 1411 3330 fuit.
1463 3286 1558 3327 Risu
1574 3300 1703 3331 omnes
1725 3287 1798 3328 fere
1817 3292 1932 3330 emori
1949 3297 2166 3343 eoep'eruutz

132 3343 294 3396 denique

931 3433 1368 3475 ANNOTATIONES.

193 3515 240 3547 16
270 3509 386 3549 Quasi
400 3511 463 3549 utri
478 3511 581 3550 illam
593 3518 776 3564 exspueret
791 3510 1005 3561 miseriam-J
1045 3508 1126 3550 Mi·
1176 3523 1301 3548 carues
1329 3508 1570 3554 delicatiores,
1593 3516 1632 3547 et
1656 3507 1812 3545 lautiora
1833 3504 1996 3544 obsonia.
2048 3499 2118 3541 Pul
2183 3551 2187 3554 q

136 3563 283 3609 seriam,
299 3563 335 3600 id
354 3572 423 3609 est,
443 3563 641 3607 fastidium.

191 3621 237 3652 21
269 3615 435 3653 Mordere
463 3615 699 3667 clanculum]

135 3667 158 3707 ἢ
176 3679 236 3704 me
249 3666 320 3703 sibi
338 3666 528 3706 timebant.

189 3721 241 3762 3'6
267 3719 389 3773 Lepus
413 3725 487 3762 tute
511 3719 578 3773 ea]
607 3710 610 3730 ⁷
631 3720 915 3775 palpamentum
942 3720 1126 3776 signifiat

1177 3571 1232 3600 est
1258 3574 1340 3613 pars
1364 3574 1514 3599 carnosa
1536 3561 1575 3598 in
1603 3572 1754 3612 corpore
1780 3556 1960 3603 animalis,
1975 3562 2027 3605 ,ut
2047 3554 2125 3592 lum
2152 3554 2166 3592 i

1176 3614 1323 3666 leporis.
1390 3612 1516 3663 Hujus
1549 3613 1635 3650 vero
1669 3610 1852 3663 proverbii
1885 3607 1967 3647 haec
1996 3615 2052 3645 est
2081 3618 2165 3666 sen·

1176 3667 1314 3712 tentius
1354 3667 1408 3708 Tu
1425 3678 1459 3703 es
1482 3666 1578 3714 quod
1593 3665 1727 3713 qumis
1743 3664 1785 3702 in
1803 3666 1918 3703 scorto
1927 3674 1945 3711 ς
1970 3659 2066 3711 quod
2077 3670 2118 3701 m
2130 3663 2167 3698 te

1174 3721 1296 3777 habes,
1310 3719 1377 3763 hoc
1394 3719 1524 3772 queris
1541 3717 1582 3757 in
1597 3717 1720 3758 altero.
2090 3720 2101 3726 ⁶

754 3614 844 3654 Non
871 3616 1011 3670 aperte,
1038 3615 1126 3667 quia

1684 1433 1775 1484 Th.
1813 1444 1981 1485 mutus
2007 1433 2158 1486 illice.
2233 1488 2239 1493 ,
