2340 3964
788 195 1277 286 TERENTIANA.

175 348 549 416 deprmtione3
584 354 637 396 ut
658 346 751 396 suis
771 347 892 396 locis
923 347 1242 395 ostendemus.
1310 345 1449 396 Quod
1485 361 1570 394 cur
1601 344 1792 394 tandem
1813 362 1890 395 me

174 415 313 468 fateri
333 414 538 480 ingenue
556 414 734 479 pudeat
752 414 768 461 ?
820 414 912 462 Par
933 423 1002 460 est
1024 422 1182 461 autem
1207 413 1328 477 quod
1353 413 1558 477 publicae
1580 410 1610 459 εὶ
1632 413 1769 459 nobis
1793 422 1890 460 stu-

128 511 133 521 ›
171 481 412 532 dimotum
440 481 635 529 utilitati
667 480 820 534 datur,
851 479 900 526 id
930 480 1068 542 quale
1101 481 1244 526 etiam
1279 494 1463 542 cunque
1498 479 1611 525 boni
1632 479 1890 525 consulere.

172 545 523 603 Pmsstetalius
555 547 708 610 quivis
742 554 1078 609 quantum‘nos
1096 559 1112 604 ;
1149 544 1477 599 nec'dubitem
1500 545 1628 591 omni
1651 559 1889 591 assevera-

167 610 304 672 tionis&
314 611 595 660 confirmare
614 628 780 676 parum
797 609 917 658 adeo
935 609 1036 658 fore
1054 609 1175 672 quod
1196 609 1244 655 in
1259 602 1485 656 Terentio
1503 609 1607 672 quis
1623 609 1891 658 desiderare

166 676 360 726 habeat.
422 677 620 725 Variam
651 676 887 725 interdurn
919 691 982 722 ex
1015 680 1225 722 veterum
1259 683 1473 720 autorum
1506 675 1821 729 citationibus,
1844 683 1893 723 et

168 744 469 807 antiquorum
493 744 615 791 inter
636 761 686 790 se
710 742 928 790 codicum
949 737 1262 804 repugnantia
1279 739 1531 789 lectionem
1558 740 1790 799 indicavi3
1827 741 1892 787 ita

165 806 363 873 demum
381 808 492 876 quid
511 810 627 856 mihi
646 809 860 857 videatur
881 804 1161 867 conjecturis
1183 803 1384 852 subditis
1404 804 1670 858 ostendenS,
1691 805 1890 854 liberum

165 882 222 922 ut
242 879 405 923 tamen
439 876 605 922 lectori
628 874 862 937 judicium
895 887 1080 934 semper
1119 869 1395 932 relinquam.
1465 869 1574 918 Qua
1609 871 1654 915 in
1691 886 1740 916 re
1775 871 1892 919 mihi

165 939 289 989 nihil
324 940 414 988 fuit
451 941 621 1004 potius,
658 938 817 1005 quam‘
838 946 890 984 ut
922 936 1098 984 Donati
1119 935 1409 999 ubicumque
1445 936 1621 992 lice-ret,
1648 935 1793 982 fidem
1817 951 1891 984 se-
1963 949 1968 955 “

166 1018 354 1071 queror,
378 1006 648 1070 interpretis
670 1003 996 1066 undecumque
1019 1001 1289 1057 doctissimi,
1317 1001 1377 1048 ab
1396 1018 1559 1065 eoque,
1578 1017 1636 1048 ne
1657 1010 1891 1049 transver—

167 1085 276 1119 sum
307 1071 516 1136 quidem,
550 1081 602 1118 ut
631 1070 775 1122 aiunt,
812 1067 1030 1132 digitum,
1054 1067 1380 1126 discederem3
1416 1068 1495 1114 sed
1520 1068 1640 1113 citra
1663 1067 1891 1128 supersti-

165 1136 347 1185 tionem
369 1146 544 1192 tamen,
578 1144 627 1184 et
649 1151 760 1183 cum
774 1134 955 1196 judicio
979 1149 1180 1196 semper.
1247 1132 1486 1186 Ceterum,
1509 1131 1618 1179 cum
1644 1133 1889 1196 plerosque

164 1200 268 1252 fore
289 1203 595 1266 suspicemur,
629 1202 709 1265 qui
743 1199 868 1264 quod
902 1201 1122 1248 carminis
1154 1199 1383 1248 rationem
1406 1200 1640 1262 ignorent,
1674 1199 1754 1244 vix
1779 1193 1887 1260 apte

164 1267 278 1315 satis
301 1268 374 1316 his
395 1267 456 1315 de
480 1267 621 1315 rebus
646 1266 859 1329 judicare
894 1273 1067 1328 queant
1086 1283 1100 1325 ;
1135 1265 1286 1312 visum
1310 1273 1380 1314 est
1403 1265 1637 1324 subjicere
1660 1265 1890 1311 nonnulla.

75 1378 79 1379 γ
152 1330 268 1389 daie,
303 1334 409 1400 quae
431 1333 559 1387 velut
575 1334 771 1395 januam
797 1329 1102 1395 patefaciant,
1138 1339 1187 1377 et
1208 1331 1349 1384 viam,
1382 1338 1436 1376 ut
1458 1328 1646 1382 dicitur,
1681 1345 1886 1392 praemu-

151 1398 296 1447 ‘niant
318 1398 700 1463 imperitioribus,
736 1395 830 1462 qud
854 1396 1026 1444 certius
1050 1397 1109 1444 de
1134 1396 1458 1460 recognitione
1481 1394 1637 1442 nostra
1653 1394 1887 1455 judicium

163 1461 336 1520 facere,
379 1473 428 1527 et
467 1465 749 1511 sententiam
785 1451 907 1510 ferre
942 1462 1136 1526 possint.
1220 1461 1368 1525 Igitur
1401 1460 1572 1508 comici
1607 1459 1801 1523 Plautus
1837 1471 1887 1508 et

163 1527 416 1577 Terentius
454 1541 606 1578 metro
640 1527 738 1576 fere
778 1536 974 1574 utuntur
1012 1528 1090 1575 vel
1130 1527 1354 1583 iambico,
1403 1526 1478 1573 vel
1515 1526 1772 1582 trochaico,
1809 1529 1883 1573 vel

165 1604 367 1659 utroque
396 1595 543 1649 simul⁴
569 1594 780 1642 confuso.
847 1593 1125 1649 Iambicum,
1163 1593 1237 1640 vel
1271 1599 1617 1640 monometrum
1643 1600 1729 1646 est,
1763 1592 1886 1655 quod

162 1658 349 1707 duobus
370 1660 570 1723 pedibus
586 1659 880 1723 simplicibus
902 1668 1110 1720 constat3
1138 1659 1211 1706 vel
1229 1657 1497 1712 dimetrum,
1517 1656 1639 1721 quod
1659 1665 1884 1720 quatuor;

163 1726 242 1773 vel
265 1726 542 1780 trimetrum,
566 1726 690 1789 quod
713 1725 811 1780 seit,
836 1723 914 1788 qui
934 1733 982 1771 et
999 1724 1167 1770 senarii
1189 1723 1505 1770 dicunturM.
1523 1722 1682 1769 Tullio
1699 1732 1749 1769 et
1765 1722 1882 1769 Fab.

159 1789 481 1851 Quintilian03
521 1792 595 1837 vel
617 1797 960 1844 tetrametrum,
994 1788 1118 1853 quod
1141 1797 1266 1843 octo,
1299 1789 1378 1852 qui
1403 1798 1452 1834 et
1482 1787 1695 1852 quadrati
1719 1789 1882 1850 appel·

158 1853 319 1904 lantur
358 1865 407 1903 et
437 1856 680 1903 octonarii.
767 1855 843 1902 Ex
877 1855 1006 1902 hisce
1044 1855 1260 1902 trimetro
1297 1853 1484 1910 comici,
1525 1862 1575 1900 et
1610 1861 1885 1900 tetrametro

158 1920 374 1970 maxime
402 1929 625 1968 utuntur:
663 1920 765 1968 aliis
799 1919 920 1976 raro,
957 1928 1005 1968 et
1037 1921 1084 1967 in
1119 1919 1277 1968 medio
1309 1917 1408 1966 fere
1446 1920 1586 1981 (sieut
1619 1918 1886 1969 Priscianus

152 1987 426 2047 annotavit)
461 1986 776 2034 distinctionis
808 1985 964 2034 causa.
1031 1985 1171 2043 Quod
1193 1984 1253 2033 ad
1275 1984 1420 2048 pedes
1451 1986 1639 2041 attinet,
1674 1983 1880 2039 iambici,

155 2050 335 2116 magna
371 2053 590 2100 liberta-te
625 2053 797 2116 comici
835 2051 1156 2100 indifferenter
1182 2044 1348 2098 ubivis
1384 2060 1571 2114 ponunt
1608 2050 1880 2107 iambicum,

154 2118 455 2182 tribrachyn,
480 2127 794 2182 anapaestum,
826 2116 1102 2183 dactylum,=
1117 2116 1408 2181 spondaeum.
1476 2118 1532 2165 In
1556 2116 1882 2178 fine'ple‘rum-

154 2184 250 2246 qu'e
264 2194 344 2231 aut
361 2185 588 2239 iambum,
611 2194 692 2230 aut
706 2183 1055 2249 pyrrhichium,
1073 2198 1311 2246 nunquam
1330 2182 1420 2229 nisi
1441 2182 1488 2229 in
1505 2191 1724 2228 scazonte
1736 2184 1880 2244 spon·
1946 2233 1949 2235 ,

155 2247 335 2296 daeum.
382 2268 387 2278 ¹
403 2249 565 2297 Utitur
585 2250 836 2297 Terentius
853 2266 983 2314 saepe
1003 2251 1051 2296 in
1070 2249 1290 2303 iambico,
1308 2246 1430 2312 pede
1454 2256 1654 2311 quatuor
1669 2248 1871 2311 syllaba-

158 2329 267 2361 rum
291 2315 966 2379 breviumproceleusmaticO,
1002 2315 1143 2378 idque
1161 2331 1261 2378 ·per
1291 2314 1625 2361 resolutionem
1647 2313 1879 2376 spondaei‚

154 2387 209 2426 ut
232 2380 282 2426 in
305 2379 516 2428 Andria:
553 2380 697 2428 Mala
716 2397 847 2436 mens,
876 2383 1014 2438 malus
1035 2381 1239 2434 animus,
1275 2395 1400 2443 quem
1421 2379 1600 2444 quidem
1620 2394 1700 2442 ego
1721 2381 1762 2424 si
1781 2395 1877 2425 sen»

157 2460 269 2492 sero.
338 2444 439 2493 Hic
468 2448 674 2494 secundo
711 2447 818 2494 loco
839 2455 909 2493 est
930 2447 1407 2511 proceleusmaticus:
1450 2446 1500 2491 in
1533 2443 1701 2490 eadem
1720 2461 1735 2504 3
1778 2442 1878 2491 Tibe·

149 2526 357 2575 ‘generum
380 2514 577 2570 firmum,
610 2514 787 2573 etfiliae
818 2514 1010 2560 invenies
1038 2514 1209 2559 virum.-
1244 2509 1326 2559 hic
1348 2510 1505 2574 prima
1538 2510 1730 2573 regione
1752 2509 1876 2556 idem

151 2591 253 2640 pes.
318 2577 402 2623 Est
435 2586 593 2624 autem
626 2577 804 2640 duplex
836 2579 1029 2625 iambici
1064 2594 1228 2641 genus,
1261 2577 1458 2624 alterum
1485 2585 1667 2623 rectum
1689 2575 1879 2639 perfec·

154 2650 316 2690 tumve
335 2652 555 2690 vocatur:
582 2642 782 2690 alterum
802 2640 970 2698 σκάζον
990 2642 1067 2690 καὶ
1084 2639 1386 2709 χοριοίμβονς
1411 2643 1542 2703 cujus
1565 2642 1879 2702 penultimam

147 2705 202 2754 in
234 2706 330 2782 {ine
364 2708 555 2772 longam
587 2725 686 2756 esse
718 2718 918 2773 oportet.
989 2710 1238 2772 Utriusque
1270 2707 1488 2755 meminit
1520 2705 1732 2761 Ovidius,
1767 2706 1877 2754 cum

146 2782 314 2822 tamti:
533 2818 535 2820 .
1379 2799 1383 2801 ‡

280 2839 419 2886 Liber
438 2841 487 2886 in
504 2839 711 2886 adversos
724 2839 862 2886 hostes
880 2839 1123 2903 stringatur
1137 2838 1323 2894 iambus,

285 2903 372 2951 Seu
391 2907 507 2956 celer
527 2916 776 2961 extremum,
797 2922 870 2953 seu
889 2905 1042 2952 trahat
1062 2906 1138 2952 ille
1150 2906 1326 2968 pedem.

217 2968 380 3017 Utitur
402 2969 661 3018 identidem
694 2975 838 3034 poeta
860 2971 1064 3018 iambico
1086 2980 1359 3018 tetrametro
1381 2968 1676 3022 catalectico,
1711 2966 1760 3015 id
1784 2978 1872 3022 est,

156 3035 234 3082 cui
267 3037 456 3099 syllaba
487 3037 535 3084 in
569 3036 664 3084 fine
696 3035 848 3097 desit3
883 3053 976 3100 quo
1006 3037 1057 3084 in
1091 3035 1499 3084 catalectico⁸sibi
1522 3035 1644 3082 inter
1663 3033 1758 3082 alia
1780 3034 1874 3081 hoe

152 3114 340 3164 quoque
361 3102 609 3165 permittit,
643 3110 695 3150 ut
718 3118 805 3165 pro
826 3100 1091 3166 penultima
1114 3098 1421 3166 longashaud
1440 3099 1546 3148 raro
1569 3099 1684 3148 duas
1709 3100 1876 3147 breves

151 3174 315 3275 ponat,
339 3167 461 3229 quod
487 3166 624 3214 facile
650 3169 729 3232 qui
752 3184 914 3215 versus
935 3168 984 3214 in
1001 3183 1105 3214 suos
1128 3168 1270 3230 pedes
1292 3166 1506 3232 digerere
1530 3167 1672 3220 volet,
1697 3165 1765 3211 sic
1789 3164 1874 3210 ha-

142 3237 146 3297 s
189 3244 266 3277 ere
300 3233 575 3295 comperiet.
643 3234 703 3280 In
736 3233 990 3282 trochaicis
1023 3233 1194 3280 comici
1228 3231 1479 3280 indiscrete
1503 3231 1740 3279 interdum
1761 3229 1875 3276 dac·

151 3294 277 3358 tylos
296 3296 369 3342 vel
393 3298 627 3345 trochaeos
646 3307 841 3362 ponunt,
863 3298 1086 3346 nimirum
1105 3296 1198 3362 quo
1220 3298 1343 3361 pene
1362 3297 1586 3345 dissoluta
1603 3308 1650 3343 et
1669 3295 1872 3360 pedestri

149 3358 387 3408 simillima
404 3363 503 3410 esse
523 3361 740 3410 videatur
762 3380 1062 3428 personarum
1084 3364 1446 3422 sermocinati03
1470 3364 1601 3424 cujus
1625 3364 1724 3426 ipse
1749 3360 1871 3415 Pris-

149 3423 315 3472 cianus
349 3425 562 3487 meminit
577 3444 594 3488 ;
630 3428 755 3491 apud
780 3445 919 3493 quem
939 3425 1212 3477 Victorinus
1233 3446 1329 3477 non
1354 3428 1506 3476 minus
1530 3427 1713 3494 libere,
1729 3423 1875 3492 quam
1898 3472 1901 3477 .

149 3490 256 3536 vere
281 3491 368 3545 ait,
396 3490 616 3546 c‘omicos,
651 3494 763 3541 dum
786 3494 1109 3558 quotidianum
1135 3510 1401 3542 sermonem
1435 3493 1607 3542 imitari
1641 3493 1870 3547 nituntur,

150 3565 299 3603 metra
321 3557 484 3604 vitiare
506 3557 674 3613 studi0,
697 3575 793 3606 non
815 3559 1051 3624 imperitia
1069 3576 1086 3619 ς
1125 3561 1250 3623 quod
1274 3571 1320 3606 et
1343 3557 1653 3607 Terentianus
1675 3565 1872 3607 testatur

148 3619 275 3668 hisce
298 3624 507 3670 versibus
527 3637 540 3669 ε
807 3626 809 3629 ’
938 3643 941 3646 ·
1444 3620 1446 3623 ’
1499 3621 1501 3624 ⁴

278 3682 516 3751 Fidemque
527 3689 651 3749 fictis
674 3689 776 3736 dum
792 3700 1036 3753 procurant
1043 3689 1234 3746 fltbulz's,

281 3754 332 3799 In
359 3767 494 3801 metro
509 3765 699 3816 peccaut
717 3765 830 3810 arte,
854 3771 941 3800 non
967 3757 1156 3800 inscitia.
1207 3755 1216 3770 '

2179 225 2229 275 ci
