2340 3964
149 145 299 204 cxxvi
1061 147 1624 209 PRoLEGoMENA

493 294 688 360 reliquis
710 291 915 342 conferri
934 291 1095 355 possit,
1121 300 1179 365 ut
1197 301 1436 354 postremo
1455 297 1578 354 loco,
1603 306 1652 346 et
1667 307 1776 362 post
1797 299 1876 354 τὴν
1904 301 2119 359 διάνοιαν,
2133 320 2224 368 po·

492 371 648 410 natur.
714 359 875 407 Quare
890 372 955 404 ex
977 355 1217 404 sententie
1231 358 1476 417 Varronis,
1494 365 1572 426 qui
1597 363 1678 412 hic
1699 366 2000 416 Aristotelem
2024 386 2222 433 expres-

493 426 568 481 sit,
607 423 788 488 primus
826 430 898 467 est
931 420 1171 477 Caecilius,
1208 422 1441 472 secundus
1474 437 1544 475 est
1569 426 1859 480 Terentius:
1897 450 2014 496 quos
2046 435 2222 490 deinde
2250 455 2259 465 ‘¹

492 491 690 540 Plautus
721 486 944 551 sequitur.
1013 486 1154 535 Quod
1187 487 1397 536 debebat
1417 492 1649 554 cogitasse
1670 495 1805 543 Siren
1830 499 1921 544 aevi
1943 501 2088 547 nostri
2111 494 2222 554 Jus-
2303 498 2337 561 3

493 565 568 603 tus
588 553 802 616 Lipsius:
838 551 918 614 qui
952 550 1172 615 profecto
1193 553 1351 602 locum
1386 557 1558 604 summi
1591 543 1909 611 Romanorum
1938 565 2092 614 critici
2126 564 2226 616 nod
2284 573 2340 652 33

493 618 779 684 penetravit.
809 615 873 667 Τὸ
895 615 998 674 ἦθος
1016 626 1174 666 autem
1198 618 1367 667 Plauto
1390 621 1614 670 Horatius
1631 625 1889 687 abjudicat,
1907 629 2018 678 cum
2035 632 2211 696 inquit,

1306 688 1455 749 aspice
1474 689 1665 736 Plautus

628 751 728 798 Quo
740 761 882 814 pacto
896 761 1047 813 partes
1066 761 1233 798 tutetur
1255 754 1452 800 amantis
1473 753 1641 816 ephebi.
1998 791 1999 794 η
2261 803 2264 806 ,
2322 797 2323 800 ,

560 815 626 864 Et
645 815 831 864 videtur
852 816 1109 865 Charinum
1132 817 1352 865 habuisse
1377 818 1425 865 in
1443 819 1630 867 animo:
1657 821 1738 883 qui
1754 821 2042 883 Mercatore,
2057 825 2110 879 τδ
2127 847 2223 894 μα-
2318 851 2340 903 ξε

497 878 617 932 νικόν
651 881 729 931 καὶ
750 879 803 932 τό
830 879 1040 949 ἐρωτικὸν
1065 881 1316 931 confundit
1335 879 1454 940 ἦθος.
1527 884 1633 932 Hoc
1656 894 1742 943 est,
1769 888 1835 935 ita
1856 901 1999 947 amat,
2026 899 2078 941 u‘t
2111 894 2225 943 Me·
2324 923 2327 938 2

493 948 746 996 naechmus
779 948 908 997 furit.
975 949 1150 997 Furere
1172 957 1330 996 autem
1363 965 1464 1012 prae
1497 967 1673 1007 amore,
1709 953 1963 1003 comoediae
1990 973 2088 1006 non
2107 956 2224 1016 ἦθος,
2304 972 2340 1028 *fg

494 1014 578 1062 sed
596 1013 848 1079 tragoediae
867 1023 938 1062 est
959 1011 1118 1068 πάθος·
1141 1022 1194 1061 ut
1209 1030 1273 1063 ex
1286 1013 1492 1063 Phaedrs
1508 1017 1703 1081 aliisque
1719 1027 1866 1082 patet.
1900 1019 2059 1070 Quare
2072 1024 2103 1073 ir
2115 1027 2228 1089 quia
2320 1019 2340 1067 52⁴

494 1077 639 1135 πάθος
673 1078 866 1143 aliquod
900 1081 1107 1128 immane
1138 1088 1458 1144 exspectatur,
1493 1082 1619 1145 quod
1654 1083 1939 1148 tragoediam
1969 1088 2228 1147 constituit„

493 1152 549 1194 ut
570 1142 837 1212 μεταξάσις
856 1146 1112 1194 conveniat
1126 1143 1316 1194 furenti.
1350 1146 1442 1195 Sed
1463 1147 1570 1196 haec
1588 1149 1792 1197 triviales
1810 1166 1907 1197 non
1924 1151 2225 1218 intelligunt:

493 1212 576 1276 qui
593 1228 832 1260 summum
854 1212 1008 1260 virum
1025 1211 1332 1260 Aristotelem
1356 1221 1452 1261 tam
1470 1212 1611 1262 facile
1636 1223 1960 1277 contemnunt,
1983 1217 2127 1282 quam
2141 1235 2230 1270 nos
2321 1212 2340 1257 2³

493 1285 543 1324 et
557 1276 740 1340 judicia
761 1278 951 1326 illorum
975 1284 1023 1325 et
1046 1277 1298 1342 magistros
1321 1276 1493 1326 merito
1521 1282 1884 1337 contemnimus,
1907 1284 2227 1349 quibus.per-=
2320 1289 2329 1301 ⁴·

493 1359 682 1391 suasum
704 1352 790 1399 est,
814 1360 1005 1392 omnem
1029 1358 1188 1391 veram
1217 1342 1532 1393 eruditionem
1569 1363 1631 1393 ex
1663 1345 1753 1394 hoc
1787 1364 1881 1395 uno
1903 1348 2036 1397 fonte
2069 1350 2233 1415 limpi-
2297 1374 2303 1382 ⁵

493 1409 689 1457 dissimo
711 1409 984 1472 petendam.
1041 1408 1273 1457 Charinus
1297 1419 1455 1457 autem
1478 1411 1647 1467 Plauti,
1673 1411 1733 1459 ad
1757 1411 2064 1477 frigiditatem
2082 1433 2230 1480 usque

493 1475 635 1530 calet,
659 1491 804 1538 quam
826 1492 921 1522 non
942 1475 1096 1540 potuit
1115 1475 1278 1524 vitare.
1351 1476 1523 1525 Qualia
1545 1487 1654 1525 sunt
1674 1478 1778 1534 ista,
1801 1479 1945 1528 scena
1965 1481 2135 1530 Divz'im
2151 1492 2227 1530 ae-

496 1557 580 1604 que
602 1540 828 1589 hominum
843 1560 857 1587 .·
1406 1573 1418 1582 s
1956 1553 1963 1556 “

821 1609 933 1669 jczm
958 1608 1148 1671 Cyprum
1169 1609 1285 1675 peni,
1314 1607 1405 1656 &c.

562 1673 702 1726 Item,

626 1738 769 1786 Porri
784 1740 1048 1801 proficiscor
1070 1741 1293 1801 quaesitum
1309 1757 1323 1785 .·
1357 1755 1472 1789 nunc
1482 1743 1668 1804 perveni
1697 1742 1962 1791 Chalcidem.
2008 1760 2009 1765 ¹

634 1804 773 1850 Video
796 1806 862 1851 ibi
885 1805 1094 1866 hospitem
1118 1805 1345 1867 Zacyntho
1359 1825 1374 1853 .·
1411 1805 1514 1854 dico
1536 1808 1648 1870 quid
1668 1809 1720 1854 ed
1745 1809 2005 1857 advenerim
2019 1831 2033 1857 .-

626 1869 800 1931 Rogito
823 1872 920 1931 quis
941 1886 1036 1915 eam
1057 1872 1242 1925 vexerit,
1269 1871 1368 1933 quis
1388 1871 1565 1927 habeat,
1588 1875 1631 1920 si
1651 1873 1942 1923 inaudiverit.
1996 1892 1999 1894 ·

628 1937 802 1997 Hospes
819 1935 1062 1997 respondit,
1088 1937 1316 1998 Zacyntho
1325 1939 1442 1996 ficus
1452 1940 1560 1998 fieri
1579 1950 1670 1985 non
1688 1940 1844 1988 malas,

562 2001 711 2048 Vides
728 2000 968 2049 hominem
990 2012 1086 2051 tam
1105 2001 1303 2055 tristem,
1324 2011 1375 2048 ut
1396 2002 1588 2051 festivus
1611 2019 1712 2052 esse
1729 2013 1926 2067 quaerat.
1959 2006 2028 2053 At
2042 2003 2230 2054 divinus
2325 2026 2340 2058 Δ

501 2067 592 2115 hac
617 2069 668 2114 in
691 2075 839 2130 parte,
863 2065 982 2113 duos
1006 2074 1238 2114 amatores
1260 2067 1308 2114 in
1330 2068 1582 2125 Eunucho,
1607 2086 1691 2116 suo
1713 2087 1863 2125 more,
1893 2071 2161 2119 Phaedriam
2183 2085 2232 2120 et
2312 2039 2340 2136 ff)

500 2133 766 2187 Chaeream,
786 2128 1011 2179 divinitus
1031 2142 1282 2196 utrumque
1299 2130 1509 2184 ἠθοποιεῖ.
1569 2135 1730 2184 Quare
1750 2136 1861 2184 cum
1880 2141 2036 2200 poetae
2051 2152 2233 2193 omnes,
2338 2141 2340 2147 '

501 2215 703 2262 quorum
728 2197 989 2245 imitatione
1013 2205 1197 2245 constat
1222 2198 1485 2247 institutum
1518 2215 1575 2249 ac
1598 2201 1863 2258 consilium,
1895 2203 2135 2266 pictorum
2155 2200 2230 2250 in-

499 2275 613 2319 star,
636 2272 752 2311 teste
768 2263 1055 2310 Criticorum
1078 2280 1190 2327 rege
1211 2280 1266 2311 ac
1291 2265 1520 2328 principe,
1542 2274 1623 2313 aut
1638 2267 1830 2323 similes,
1855 2278 1940 2315 aut-
1965 2267 2114 2331 (quod
2136 2283 2235 2316 non

502 2329 611 2378 raro
630 2330 804 2385 evenit,
822 2329 897 2375 vel
917 2330 1136 2392 imperite
1157 2328 1234 2377 καὶ
1254 2329 1305 2392 ἐξ
1323 2327 1576 2388 ἀσθενείας,
1591 2332 1663 2380 vel
1684 2332 1910 2397 captandi
1928 2333 2049 2382 risus
2063 2332 2246 2396 causa),

504 2412 630 2444 nunc
652 2397 833 2459 pejores
857 2394 1002 2458 quam
1025 2403 1148 2450 sunt,
1170 2397 1456 2458 exprimant,
1476 2415 1602 2446 nunc
1620 2399 1856 2454 melioreS,
1874 2415 2035 2448 servos
2052 2400 2235 2463 pejores

502 2462 714 2516 Plautus,
738 2470 790 2508 ut
822 2460 1094 2523 plurimum,
1128 2461 1376 2509 Terentius
1407 2464 1494 2511 hos
1527 2481 1714 2528 semper
1743 2465 1938 2520 similes,
1969 2481 2066 2512 non
2099 2464 2236 2513 meli÷

502 2544 635 2588 ores3
672 2526 945 2575 meretrices
976 2525 1091 2574 vero
1162 2527 1300 2574 artim
1328 2529 1519 2585 similes,
1544 2531 1718 2593 partim
1740 2530 1956 2578 meliores
1979 2528 2234 2594 aliquando

502 2592 783 2654 introducit:
810 2591 1011 2648 Similes,
1038 2601 1088 2639 ut
1110 2591 1124 2608 '
1141 2593 1378 2641 'haidemz
1405 2597 1640 2652 meliores,
1661 2606 1711 2644 ut
1727 2595 2032 2645 Bacchidem.
2089 2594 2230 2643 Para·
2299 2596 2334 2640 4¹

502 2660 616 2706 sitos
647 2673 834 2721 semper
855 2658 1109 2705 deteriores
1133 2666 1182 2705 et
1204 2659 1472 2707 voraciores
1493 2661 1701 2718 Plautus,
1725 2678 1963 2725 nunquam
1988 2660 2231 2710 meliores:

503 2732 555 2771 ut
579 2734 627 2771 et
646 2724 901 2780 Dossenus,
924 2724 1002 2788 qui
1040 2725 1124 2771 hos
1159 2724 1282 2771 solos
1314 2727 1659 2789 propemodum
1689 2728 1903 2782 curabat,
1939 2729 1991 2775 in
2023 2726 2236 2789 personis

503 2789 696 2853 reliquis
718 2787 960 2838 ἐκπίπτων.
1001 2789 1224 2838 Phormio
1242 2790 1553 2841 Terentianus
1575 2794 1717 2856 plane
1736 2803 1806 2841 est
1828 2790 2154 2840 admirandus:
2180 2799 2234 2840 ut

502 2866 552 2903 et
573 2856 782 2903 Gnatho.
833 2855 1040 2902 Plautini
1059 2855 1169 2918 quia
1192 2856 1335 2916 risum
1358 2866 1590 2920 quaerunt,
1613 2859 1858 2907 veritatem
1876 2866 1929 2904 et
1948 2873 2162 2909 sermone
2185 2866 2236 2905 et

503 2923 747 2968 sententiis
781 2920 1020 2968 amittunt.
1083 2921 1201 2968 Tres
1235 2923 1432 2970 virtutes
1464 2923 1593 2971 enim
1627 2940 1796 2979 sermo,
1827 2938 1971 2987 quem
2003 2938 2100 2970 non
2133 2922 2235 2971 sine

505 2985 648 3037 causa
681 2983 830 3039 ᾖθικόν
864 2986 1088 3034 dixerunt
1110 2987 1287 3043 Graeci,
1323 3004 1409 3035 nos
1443 2997 1675 3036 moratum
1711 2988 1927 3042 dicimus,
1961 2987 2232 3050 aequitate'm

501 3066 692 3115 nempe,
725 3052 989 3107 veritatem,
1010 3061 1060 3099 et
1090 3052 1459 3115 simplicitatem,
1483 3055 1718 3117 postulat:
1753 3069 1861 3118 quae
1885 3050 1939 3102 fro*
1963 3050 2231 3113 ἐνδιάθετον,

504 3117 598 3165 hoc
620 3127 707 3172 est,
732 3118 779 3166 id
802 3117 927 3180 quod
953 3117 1206 3181 unicuique
1227 3127 1298 3165 est
1321 3119 1529 3173 insitum,
1554 3119 1618 3167 ob
1641 3119 1806 3168 oculos
1829 3120 2082 3182 proponit:
2121 3119 2234 3168 cum

504 3182 772 3237 ridiculum,
797 3192 850 3229 ut
871 3182 1147 3238 violentum,
1172 3184 1281 3246 quia
1302 3181 1332 3230 a
1355 3185 1523 3232 natura
1541 3185 1772 3240 alienum,
1795 3184 1919 3248 quod
1943 3183 2071 3232 recte
2094 3184 2155 3232 de
2178 3200 2236 3233 eo

332 3271 343 3293 x
381 3261 386 3263 ’
502 3248 781 3298 Aristoteles
810 3248 1108 3310 pronunciat,
1131 3260 1404 3312 corruptum
1430 3250 1502 3306 sit,
1527 3259 1574 3297 et
1604 3249 1634 3297 εὶ
1667 3251 1906 3314 corruptis.
1919 3251 2086 3305 causis,
2109 3249 2237 3314 quod
2264 3300 2267 3304 ,

495 3316 597 3377 jam
620 3313 738 3373 dixi,
761 3322 1018 3361 moveatur.
1081 3314 1321 3362 Moratum
1343 3315 1451 3379 quia
1473 3315 1624 3364 simile
1646 3326 1717 3364 est
1738 3326 1938 3370 naturae,
1961 3315 2132 3365 leniter
2152 3314 2238 3363 de·

504 3379 680 3429 lectat:
715 3379 840 3444 quod
865 3388 1058 3436 aetatum
1080 3379 1390 3443 singularum,
1416 3381 1674 3437 hominum,
1703 3397 1759 3429 ac
1782 3382 2042 3437 nationum,
2067 3380 2235 3430 totius·

503 3462 597 3509 que
629 3447 756 3501 vitae,
785 3445 1089 3493 simulacrum
1127 3444 1361 3507 quoddam
1397 3461 1452 3493 ac
1486 3447 1760 3512 imaginem,
1798 3448 1845 3494 in
1880 3446 2024 3501 scenfl.
2053 3461 2234 3511 περι-εε-
2288 3461 2295 3470 ·’

504 3520 671 3558 sentat.
691 3531 693 3533 ·
725 3510 872 3559 Plane
893 3521 944 3558 ut
961 3511 1145 3574 pictura
1162 3526 1270 3573 quae
1293 3510 1323 3557 ὲ
1345 3527 1457 3558 vero
1477 3511 1592 3569 abit,
1612 3523 1661 3560 et
1678 3513 1756 3560 vel
1774 3513 2029 3564 cubitalem
2051 3527 2235 3566 nasum,

503 3577 580 3624 vel
601 3575 846 3623 distortum
866 3592 918 3624 os
937 3574 1092 3623 facete
1113 3586 1436 3639 repraesentat,
1459 3578 1604 3625 risum
1623 3588 1809 3627 movet:
1834 3578 1999 3631 similia
2015 3575 2236 3624 delectat..

505 3644 664 3705 Atque
690 3642 780 3690 hoc
803 3651 875 3690 est
895 3640 1022 3707 quod
1049 3656 1214 3691 omnes
1248 3641 1463 3692 tribuunt
1497 3642 1787 3701 Menandm,
1811 3660 1952 3709 quem
1984 3642 2236 3697 Terentiae
