2314 3944
138 173 240 222 156

134 309 233 352 Eam
286 311 505 351 comoediam
565 323 712 355 novam,

135 379 274 418 nempe
327 363 532 416 Adelphos,
595 363 714 408 vobis,

137 428 378 471 spectatores,
397 430 497 455 nunc
528 416 646 453 acturi
678 424 716 452 et

136 473 327 511 recitaturi
344 482 489 509 sumus:
516 480 615 506 nunc
634 477 716 519 per-

137 525 272 576 spicite
297 539 343 562 an
373 533 520 560 censere
537 521 715 568 debeatis,

136 575 240 616 hunc
271 577 408 622 locum,
438 588 549 626 quem
569 583 716 611 mutua-

135 639 199 669 tus
217 642 273 668 est
287 628 499 675 Terentius,
517 625 607 665 furti
626 627 716 664 vitio

135 683 397 727 accusandum,
432 694 478 717 an
510 681 636 731 potius
663 680 717 717 di-

137 737 296 774 cendum
328 735 374 772 ab
406 746 451 770 eo
483 741 714 784 resumptum

57 827 60 831 ,
136 797 177 826 et
194 795 380 826 retentum
401 799 496 832 esse,
519 794 715 838 postquam

136 840 291 881 Plautus
321 853 408 878 eum
438 852 506 891 pro
539 838 717 877 derelicto

138 893 373 946 negligenter
387 891 579 930 habuerat.
614 890 715 930 Nam

137 947 238 998 quod
265 946 456 984 adversarii
480 946 543 982 isti
573 945 611 982 in
640 945 718 983 vul-

137 1013 208 1052 gus
219 1000 379 1050 jactant,
399 997 570 1036 homines
599 997 718 1036 nobili

106 1079 110 1083 ,
138 1062 178 1091 et
195 1051 349 1106 patritia
365 1052 479 1104 stirpe
499 1050 718 1089 clarissimos

136 1115 177 1144 et
217 1117 366 1158 operam
402 1117 505 1142 suam
549 1103 650 1151 dare,
682 1112 719 1142 et

137 1158 320 1212 perpetuo
348 1157 424 1196 una
442 1157 638 1195 comoedias
666 1155 720 1195 fa-

138 1222 242 1250 eere:
272 1211 372 1263 quod
405 1210 460 1249 illi
495 1211 720 1262 vituperium

136 1278 248 1317 grave
292 1264 526 1310 arbitrantur,
567 1264 606 1301 id
650 1263 721 1305 sibi

138 1319 284 1370 ingenti
301 1317 429 1369 gloriae
458 1316 603 1364 tribuit,
634 1317 721 1355 ciam

138 1372 211 1410 illis
229 1379 356 1425 gratus
384 1379 424 1408 et
449 1374 622 1423 acceptus
650 1379 721 1416 est,

758 167 815 219 P.
853 148 1202 218 TERENffl
1237 161 1579 218 ADELPHI.

767 306 901 360 Eam
927 323 1016 359 nos
1040 305 1200 358 acturi
1226 323 1398 358 sumus
1423 321 1636 374 novam:
1673 307 1973 375 pernoscite,

767 378 1048 431 Furtumne
1074 379 1264 430 factum
1286 376 1614 441 existumetiS,
1633 393 1695 428 an
1722 380 1892 430 locum

767 449 1168 519 Reprehensum,
1187 448 1275 516 qui
1299 447 1579 518 praeteritus
1602 448 1914 517 negligentia
1930 459 2019 500 est.

768 521 905 573 Nam
933 519 1067 589 quod
1091 519 1172 572 isti
1190 519 1369 571 dicunt
1388 518 1638 584 malevoli,
1660 518 1890 572 homines
1910 520 2102 572 nobiles
2134 524 2194 571 15

768 592 910 644 Eum
933 589 1171 660 adjutare,
1200 591 1492 660 assidueque
1516 591 1619 641 una
1641 589 1854 642 scribere
1876 613 1888 645 ε

771 663 927 719 Quod
946 663 1022 715 illi
1047 663 1376 714 maledictum
1401 661 1674 713 vehemens
1699 679 1803 712 esse
1827 662 2148 725 existumant,
2221 714 2223 716 c

767 734 902 787 Eam
936 735 1140 787 laudem
1175 734 1260 786 hic
1286 733 1426 786 ducit
1465 750 1773 796 maxumam,
1809 734 1927 786 curn
1963 731 2061 786 illis
2084 735 2196 803 pla-

911 815 1009 870 cet,

770 878 877 934 Qui
901 878 1040 929 vobis
1063 876 1321 940 universiS‚
1347 883 1397 926 et
1419 876 1609 945 populo
1631 877 1865 944 placent;

770 950 1005 1006 Quorum
1032 951 1184 1018 opera
1207 948 1261 1000 in
1287 949 1439 1012 belle,
1466 947 1520 998 in
1544 946 1665 1010 oti0,
1692 946 1744 997 in
1770 946 1992 1015 negotio,

771 1022 878 1073 Suo
901 1020 1112 1090 quisque
1135 1028 1363 1090 tempore
1387 1018 1495 1070 usu'
1521 1027 1594 1070 est
1617 1019 1725 1070 sine
1749 1017 2000 1087 su‘pe‘rbiff.
2045 1060 2051 1071 .

770 1092 980 1145 Dehinc
1003 1109 1069 1144 ne
1093 1091 1390 1161 exspectetis
1409 1099 1765 1159 argumentum
1787 1090 2000 1144 fabulae:

773 1165 931 1216 Senes
957 1163 1044 1234 qui
1067 1162 1221 1233 primi
1244 1162 1466 1226 venient,
1491 1162 1544 1214 hi
1568 1171 1764 1231 partem
1784 1161 2011 1230 aperient
2024 1180 2042 1227 3

773 1237 834 1288 In
859 1236 1055 1304 agendo
1079 1244 1272 1304 partem
1298 1233 1577 1286 ostendent.
1597 1233 1769 1297 facite,
1793 1233 2148 1303 aequanimitas

773 1308 948 1361 Vestra
967 1315 1131 1378 poetae
1155 1307 1220 1358 ad
1242 1305 1565 1359 scribendum
1589 1315 1772 1374 augeat
1796 1304 2113 1358 industriam.
2131 1309 2200 1357 25

2128 954 2199 1000 20

136 1426 203 1477 qui
226 1424 331 1463 vobis
355 1431 540 1475 quotquot
555 1422 619 1461 hic
638 1424 740 1469 estis,
758 1432 797 1462 et
811 1424 981 1462 universo
998 1423 1138 1476 populo
1154 1424 1260 1476 grati,
1279 1430 1319 1461 et
1334 1422 1476 1474 accepti
1494 1428 1599 1468 sunt3
1627 1435 1780 1473 quorum
1799 1421 1980 1461 beneficia
2000 1424 2041 1462 in
2068 1423 2201 1463 militia

139 1486 180 1516 et
196 1479 236 1516 in
254 1490 358 1529 pace,
372 1476 565 1514 commode
581 1477 621 1514 in
639 1490 768 1514 omnes
786 1477 920 1515 collata
936 1477 1090 1516 fuerunt
1108 1478 1188 1515 sine
1207 1476 1306 1514 fastu
1324 1485 1363 1514 et
1380 1475 1641 1514 ostentatione.
1693 1473 1840 1513 Exinde
1855 1475 1974 1514 nolite
1989 1483 2202 1528 exspectare

135 1539 181 1570 ut
194 1531 454 1583 argumentum
469 1528 605 1567 fabuloe
622 1529 724 1567 vobis
742 1539 951 1569 enarretur:
980 1544 1088 1569 senes
1105 1531 1169 1580 qui
1182 1530 1294 1582 primi
1313 1530 1350 1566 in
1365 1529 1596 1581 proscenium
1616 1528 1831 1580 prodibunt,
1846 1529 1872 1566 ii
1890 1535 2030 1581 partem
2043 1528 2202 1580 explica-

137 1584 235 1622 bunt
253 1585 334 1636 ipso
352 1583 476 1629 initio,
494 1591 636 1634 partem
655 1584 694 1620 in
713 1583 854 1634 reliquo
863 1585 1037 1622 dramate.
1065 1582 1286 1629 Concedite,
1300 1591 1343 1620 ut
1355 1596 1464 1632 aequo
1478 1590 1514 1619 et
1528 1581 1690 1634 propitio
1704 1582 1830 1621 animo
1843 1582 1984 1630 adsitis,
1995 1583 2071 1636 quo
2083 1582 2202 1622 labor-

137 1645 179 1676 et
196 1637 374 1676 industria
391 1641 512 1688 poetae
530 1635 575 1674 ad
594 1633 777 1675 faciendas
793 1635 991 1676 comoedias
1010 1637 1125 1690 magis
1143 1650 1185 1674 ac
1203 1637 1320 1688 magis
1339 1636 1534 1675 excitetur.

1005 1845 1338 1887 ANNOTATIO.

274 2019 281 2044 i
297 1991 346 2026 15
376 1985 555 2026 Homines
571 1985 735 2037 nobiles]
793 1983 943 2038 Nempe
958 1983 1174 2037 Scipionem
1185 1983 1419 2031 Africanum,
1433 1981 1610 2031 Laelium,
1629 1993 1666 2022 et
1684 1981 1839 2022 Furium
1853 1980 2043 2022 Publium·-

564 2197 983 2312 ACTUs
1055 2239 1115 2308 Ι.
1214 2239 1636 2309 SCENA
1712 2241 1771 2309 I.

191 2597 269 2637 Mi.
295 2595 418 2644 Heus,
437 2594 580 2636 Storax.
625 2595 718 2635 Non

137 2662 300 2691 reversus
318 2659 375 2689 est
400 2652 554 2690 domum
570 2649 719 2691 AEschi-

138 2716 211 2743 nus
228 2704 326 2742 filius
352 2702 424 2743 hac
438 2713 562 2742 ‘nocte
590 2703 612 2741 a
630 2716 720 2741 con-

137 2758 250 2804 vivio,
278 2770 401 2809 neque
424 2757 523 2796 ullus
537 2770 582 2794 ex
609 2757 719 2795 servis

137 2811 204 2862 qui
221 2809 365 2849 obviam
383 2811 416 2847 ei
435 2810 537 2848 missi
555 2809 718 2857 fuerant,

138 2876 228 2902 eum
247 2864 479 2901 comitatum.
531 2861 719 2913 Equidem

139 2914 224 2955 haec
237 2916 446 2955 communis
458 2918 646 2954 sententia
657 2929 720 2954 ve-

139 2982 181 3008 ra
193 2977 268 3007 est:
289 2969 414 3008 minus
425 2969 645 3008 damnosum
662 2978 720 3007 est

138 3036 184 3060 ea
200 3022 381 3068 accidere,
407 3035 492 3073 quae
519 3034 613 3060 uxor
628 3023 721 3061 irata

138 3074 186 3114 de
211 3083 250 3113 te
277 3075 497 3127 suspicatur,
530 3083 568 3113 ct
595 3076 721 3114 animo

140 3129 307 3179 conjicit,
325 3128 438 3181 quam
452 3128 528 3174 ina,
546 3141 632 3179 quae
655 3142 720 3180 pa-

1056 2436 1290 2490 ΜΙΤΙΟ.

772 2595 1015 2648 S‘rortAx.
1056 2613 1159 2646 non
1183 2595 1332 2647 rediit
1350 2595 1448 2647 hac
1467 2603 1616 2648 nocte
1640 2597 1670 2646 a
1690 2598 1840 2648 coena
1859 2594 2172 2666 AEschinQ

771 2667 954 2736 Neque
978 2669 1287 2719 servulorum
1308 2667 1593 2736 quisquam,
1612 2667 1700 2737 qui
1719 2667 1982 2720 advorsum
2007 2668 2183 2721 ierant.

772 2738 1008 2790 Profecto
1033 2738 1130 2790 hoc
1155 2741 1269 2790 vere
1292 2738 1501 2790 dicunt:
1537 2738 1580 2790 si
1603 2737 1732 2791 absis
1756 2739 1970 2809 uspiam,

771 2811 878 2862 Aut
896 2809 986 2862 ubi
1010 2809 1051 2861 si
1077 2828 1253 2875 cesseS,
1276 2810 1477 2870 evenire
1502 2829 1562 2863 ea
1584 2811 1735 2862 satius
1760 2819 1850 2876 est,

773 2882 909 2937 Quae
935 2881 987 2933 in
1009 2890 1060 2932 te
1084 2899 1211 2933 uxor
1234 2881 1375 2945 dicit,
1400 2891 1451 2933 et
1474 2895 1590 2952 quae
1614 2882 1667 2934 in
1692 2881 1865 2935 animo
1889 2880 2080 2952 cogitat
2170 2887 2203 2936 5

773 2953 925 3017 Irata,
949 2955 1102 3022 quam
1128 2953 1216 3005 illa
1237 2971 1353 3023 quae
1376 2963 1607 3023 parentes
1630 2952 1852 3024 propitii.

774 3023 934 3089 Uxor,
957 3025 999 3076 si
1025 3042 1199 3090 cesseS,
1228 3034 1316 3076 aut
1338 3033 1388 3075 te
1413 3042 1582 3077 amare
1606 3024 1809 3093 cogitat,

771 3097 877 3147 Aut
900 3105 1002 3148 tete
1026 3097 1201 3161 amari,
1225 3105 1312 3148 aut
1334 3106 1523 3166 potare,
1546 3105 1634 3148 aut
1657 3094 1830 3147 animo
1852 3095 2079 3168 obsequi,

139 3190 266 3220 rentes
282 3182 336 3234 pii
355 3189 394 3220 et
419 3181 580 3220 filiorum
604 3181 758 3221 studiosi
774 3167 827 3218 eis
847 3171 991 3220 timent.
1046 3180 1165 3227 Uxor,
1184 3182 1214 3219 si
1233 3181 1354 3219 tardes
1372 3180 1524 3219 domum
1543 3180 1674 3228 redire,
1693 3190 1759 3219 aut
1780 3180 1873 3219 alius
1893 3182 2058 3222 mulieris
2082 3195 2207 3222 amore

144 3235 299 3273 detineri
318 3242 359 3272 te
382 3235 606 3286 suspicatur,
624 3244 687 3275 aut
705 3234 814 3274 aliam
842 3248 964 3274 amore
982 3235 1038 3274 tui
1058 3244 1202 3286 captam
1231 3247 1325 3282 esse,
1342 3243 1405 3272 aut
1424 3233 1759 3286 compotationibus
1777 3243 1815 3273 te
1834 3235 2002 3276 deditum
2019 3249 2114 3284 esse,
2141 3243 2206 3274 aut

142 3287 323 3341 voluptati
341 3288 532 3338 inservire,
550 3334 553 3337 ἢ

1006 3421 1342 3463 ANNOTATIO.

201 3531 220 3561 1
250 3521 417 3574 storax]
474 3522 634 3565 Sublata
658 3538 748 3564 voce
766 3523 957 3565 Storacem
987 3525 1010 3563 e
1027 3537 1153 3564 servu-
1205 3534 1344 3564 cerent.
1371 3523 1523 3579 Proprie
1537 3525 1683 3565 locutus
1697 3534 1767 3573 cst,
1787 3527 1873 3566 cum
1891 3527 1982 3566 dixit
1998 3524 2207 3573 adversum,

146 3576 192 3617 lis
218 3589 338 3615 unum
356 3580 475 3624 v'ocat,
492 3592 568 3630 quo
587 3592 662 3618 non
686 3577 948 3630 respondente,
973 3578 1153 3631 intelligit
1205 3592 1291 3618 nam
1309 3577 1350 3617 hi
1380 3580 1471 3618 servi
1491 3579 1728 3618 adversitores
1745 3578 1976 3631 dicebantur,
2001 3579 2067 3632 qui
2084 3578 2210 3618 ad‘ver-

142 3627 306 3682 nondum
326 3630 475 3670 rediisse
492 3630 633 3670 filium:
663 3629 854 3671 Storaccm
878 3633 978 3670 enim
996 3629 1085 3670 huic
1102 3630 1149 3670 ad
1201 3634 1286 3670 siim
1300 3631 1403 3671 ibant
1419 3630 1508 3671 foris
1523 3634 1703 3680 coenanti,
1717 3631 1828 3671 officii
1845 3640 1883 3671 et
1896 3632 2064 3672 tuitionis
2077 3630 2207 3683 gratia.

142 3693 289 3722 coenam
321 3683 425 3721 eunti
452 3685 630 3723 comitem
656 3684 820 3731 dederat,
838 3693 879 3723 et
902 3684 994 3723 alios
1020 3694 1150 3737 postea
1200 3685 1353 3732 storax,
1372 3684 1504 3724 Graece
1518 3683 1679 3739 στύςαξ,
1694 3694 1750 3723 est
1767 3685 1904 3740 arboris
1918 3683 2106 3738 lachryme.
2117 3682 2207 3724 odo·

143 3748 264 3775 servos
279 3737 463 3786 emiserat,
482 3738 554 3790 qui·
574 3737 722 3779 obviam
740 3738 852 3786 irent,
871 3746 910 3778 et
934 3751 1021 3778 eum
1038 3738 1148 3779 redu·
1201 3746 1290 3777 rata.
1333 3737 1384 3778 Et
1402 3738 1449 3777 ab
1468 3739 1578 3779 odore
1598 3740 1651 3778 ita
1666 3751 1791 3777 servus
1806 3738 2030 3777 nominatur.
