2314 3944
138 165 241 216 140

133 303 204 358 Sy.
231 303 399 357 Idipsum
423 314 493 343 est.
539 304 608 343 Ch.
639 302 715 341 Sed

134 372 209 411 ego
234 358 413 398 Chremes
428 371 550 407 neque
568 357 630 402 do,
650 369 714 393 ne—

134 425 210 463 que
226 413 390 464 spondeo
409 411 519 448 filiam
536 422 654 447 meam
674 410 711 445 in

133 477 300 503 uxorem.
354 465 424 515 Sy.
471 461 597 504 Quare
638 475 714 499 non

133 517 226 556 das?
261 518 331 557 Ch.
352 515 510 559 Quare?
556 527 646 551 num
676 515 715 552 id

135 570 316 620 quaer-isa
334 570 422 607 me?
453 567 564 604 filiam
594 580 714 604 meam

135 623 218 661 dem
252 635 403 660 uxorem
442 620 571 669 juveni
611 618 713 666 huic,

133 677 200 727 qui
230 689 330 714 more
358 673 502 726 fugitivi
532 673 623 710 servi
651 686 714 723 pa-

133 737 228 767 trem
260 727 425 778 reliquit,
444 734 483 763 et
515 726 577 776 qui
600 739 714 762 mere-

132 782 264 819 tricem
300 780 424 818 amat?
467 774 536 829 Sy.
566 776 640 815 Fac
671 787 712 815 ut

131 834 249 873 lubet.
316 831 402 884 Ego
438 845 514 869 non
543 830 711 869 dicebam

130 895 175 925 ut
188 901 268 924 eam
287 885 340 923 illi
359 885 544 938 propriam
576 884 615 922 in
635 897 712 922 ma-

130 952 224 979 num
257 939 375 984 dares,
407 938 548 981 verbm,
571 946 611 977 ut
643 937 712 974 fin-

130 1006 238 1046 geres
255 1000 293 1029 te
312 992 491 1029 daturum.
525 988 594 1028 Ch.
619 988 712 1028 Non

131 1054 190 1084 est
203 1058 326 1083 meum
340 1044 429 1094 quid
449 1042 641 1081 simulare:
669 1051 711 1080 tu

129 1098 288 1137 misceto
305 1097 462 1135 fallacias
492 1103 529 1133 et
557 1094 712 1134 technas

128 1159 213 1189 tuas
243 1165 289 1189 eo
321 1150 447 1196 modo,
475 1157 516 1186 ut
547 1162 623 1186 non
651 1162 712 1187 me

128 1202 189 1242 his
220 1203 482 1242 intermisceas·
520 1199 636 1239 Visne
667 1211 712 1241 ut

128 1256 379 1308 despondeam
403 1267 524 1293 meam
537 1254 650 1292 filiam
670 1255 711 1293 in

127 1323 285 1349 uxorem
304 1310 353 1355 ei,
389 1310 450 1346 cui
476 1308 560 1345 dare
588 1307 707 1346 nolo?

127 1363 200 1415 Sy.
245 1362 450 1402 Credebam
482 1369 520 1398 te
547 1359 639 1398 velle
673 1360 710 1398 id

127 1415 263 1455 facere.
312 1416 383 1454 Ch.
411 1413 587 1452 Minime.
640 1413 709 1465 Sy.

128 1466 391 1516 Idxsubtiliter
431 1476 578 1519 poterat
608 1466 708 1504 fieri:

127 1530 168 1560 et
187 1535 259 1574 ego
276 1523 358 1560 ideo
382 1534 486 1559 orsus
504 1533 587 1558 sum
614 1518 710 1558 hanc

123 1573 318 1626 technam,
354 1575 529 1625 quoniam
562 1574 613 1610 ita
652 1574 710 1610 in-

128 1636 271 1667 stanter
290 1628 325 1665 id
333 1626 505 1678 jubebas.
537 1626 608 1664 Ch..
619 1624 711 1664 Cre-

127 1680 191 1720 do.
235 1681 305 1733 Sy.
345 1679 420 1718 Sed
456 1679 568 1725 certe,
605 1677 709 1725 here,

127 1734 230 1772 istud
263 1735 362 1784 aequi
401 1732 567 1783 bonique
603 1733 711 1770 causa

128 1786 240 1826 facio.
298 1786 369 1826 Ch,
396 1785 452 1822 At
476 1786 560 1822 vero
576 1784 707 1822 deinde

127 1841 214 1878 volo
242 1848 281 1878 te
314 1851 461 1877 summo
489 1851 549 1875 ere
568 1838 708 1885 conari,

124 1902 170 1932 ut
184 1893 328 1932 fallacia
345 1851 560 1930 intendatur
573 1891 611 1927 in
618 1889 708 1928 ¹Me-

128 1947 353 1991 nedemum3
372 1944 524 1982 ‘verum
553 1943 639 1982 volo
669 1943 708 1982 id

126 2000 206 2039 fieri
234 1999 308 2037 alio
336 1998 460 2036 modo.
500 1996 568 2048 Sy.
599 1994 704 2035 Fiat:

126 2053 225 2091 alius
269 2051 401 2090 modus
454 2051 705 2101 excogitetur:

128 2107 195 2144 sed
224 2104 316 2143 illud
342 2103 441 2154 quod
467 2103 534 2140 tibi
554 2103 630 2141 dixi
660 2103 706 2141 de

125 2167 296 2210 argento,
318 2157 416 2208 quod
444 2157 514 2193 ista
539 2155 614 2193 filia
642 2164 706 2194 tua

124 2211 239 2250 debet
282 2208 475 2255 Bacchidi,
513 2217 707 2260 propterea

125 2265 227 2316 quod
266 2264 302 2301 ei
337 2264 578 2314 oppignerata
606 2260 703 2308 fuit;

124 2318 227 2356 istud
280 2324 474 2368 argentum
527 2313 704 2354 Bacchidi

89 2398 106 2407 c
122 2369 406 2422 persolvendum
421 2375 495 2405 est:
525 2380 646 2417 neque
662 2378 706 2406 tu

125 2424 302 2461 nimirum
323 2434 486 2460 recurres
504 2420 548 2457 ad
562 2421 598 2457 id
612 2433 706 2472 prae-

122 2477 263 2523 texroS,
288 2474 460 2519 dicendo,
491 2471 595 2515 Quid
623 2474 705 2511 mea

123 2528 306 2568 interest?
348 2540 440 2565 num
469 2524 562 2564 mihi
590 2527 706 2568 credi-

123 2591 205 2620 tum
225 2581 306 2620 est?
341 2594 434 2618 num
464 2579 631 2617 mandavi
662 2589 705 2618 ut

123 2635 301 2674 daretur?
331 2647 423 2671 num
441 2645 534 2670 anus
559 2632 620 2670 illa
638 2632 703 2682 jus

99 2687 267 2727 ›habuit‘
287 2686 400 2725 dandi
434 2685 546 2723 filiam
583 2698 703 2723 meam

151 2741 287 2792 ignoti,
332 2752 394 2778 me
426 2737 622 2776 nolente?
678 2740 704 2777 ὀ

157 2793 319 2839 Ῑιῐεῐιιεε,
354 2804 481 2830 verum
510 2800 566 2829 est
582 2791 697 2837 istud,

119 2847 222 2898 quod
251 2845 363 2898 vulgo
392 2844 543 2882 dicitur:
572 2842 699 2882 Nimi-

463 144 528 215 Ῥ.
562 158 913 214 TERENTII
951 121 1878 230 HEAUToNnMoRUMENOS.

772 302 861 375 Sy.
897 301 1140 425 Iddipsurn.
1220 303 1316 359 Cla.
1354 314 1407 359 at
1429 322 1524 375 ego
1547 307 1623 360 illi
1647 326 1742 362 nec
1761 311 1843 377 do,
1867 327 1961 364 nec
1982 309 2197 380 despon-

944 391 1017 426 eo,

771 445 863 517 Sy.
899 445 1059 497 Non?
1098 465 1251 516 quam
1277 447 1342 498 ob
1373 465 1515 512 rem3
1558 448 1659 503 Ch..
1682 455 1831 520 q'uam
1863 453 1928 506 ob
1962 472 2071 506 rem
2108 470 2194 506 me

910 519 1088 585 rogas?
1126 518 1341 570 homini.
1416 518 1504 591 Sy.
1545 530 1603 570 ut
1627 522 1782 574 lubet.

766 588 886 639 Non
913 606 1006 656 ego
1032 590 1082 640 in
1108 600 1408 658 perpetuum
1435 591 1667 642 dicebam
1694 592 1831 645 illam
1858 595 1932 646 illi
1958 606 2016 647 ut
2039 596 2195 661 ἀεικὲς,

766 660 814 710 V
814 662 953 710 erum
981 671 1037 710 ut
1061 661 1336 712 simulares.
1390 660 1481 715 Ch.
1521 680 1623 713 non
1646 680 1759 714 mea
1777 676 1849 715 est
1872 667 2156 720 simulatio:

766 731 843 781 lta
866 741 921 782 tu
947 732 1084 783 istaec
1108 742 1192 785 tua
1217 733 1445 797 miscet0‚
1470 751 1535 784 ne
1559 751 1642 784 me
1666 735 1964 791 admisceas„
2121 744 2189 791 35

765 801 1037 868 Egon'3cui
1060 803 1260 855 daturus
1286 821 1389 855 non
1412 804 1527 868 sim,
1551 815 1607 855 ut
1633 805 1680 856 ei
1708 805 2077 875 despondeam?

768 873 855 946 Sy.
895 873 1193 996 (fliredebam.
1273 875 1361 927 Ch.
1401 876 1630 928 minime.
1708 876 1799 950 Sy.
1842 878 1964 932 scite
1998 890 2194 951 poterat

942 963 1010 996 er1
1031 966 1044 999 :
1807 973 1813 980 ·

762 1017 834 1069 Et
858 1035 953 1085 ego
975 1017 1107 1082 hoc,.
1117 1018 1234 1088 quia
1258 1018 1448 1070 dudum
1473 1026 1530 1069 tu
1553 1026 1812 1089 tantopere
1828 1019 2057 1091 jusseraS,

765 1087 846 1141 Εὸ
875 1089 1026 1211 ccglpi.
1069 1087 1164 1143 Ch.
1191 1090 1355 1143 credo,
1403 1090 1493 1163 Sy.
1520 1094 1760 1143 caeterum
1785 1093 2021 1164 equidem
2046 1094 2192 1160 istuc,

989 1179 1142 1226 reme,
1423 1207 1427 1212 .
2008 1187 2013 1190 *

763 1231 921 1300 AEqui
941 1233 1160 1301 bonique
1184 1233 1334 1286 faciO.
1377 1234 1467 1286 Ch.
1491 1234 1630 1303 atqui
1656 1237 1772 1287 cinn
1799 1239 2037 1289 maxume
2109 1241 2191 1291 *40

761 1303 892 1354 Volo
912 1312 960 1353 te
981 1303 1096 1355 dare
1119 1322 1322 1374 operam
1344 1315 1401 1356 ut
1425 1305 1527 1369 fiat,
1547 1308 1721 1358 verum
1741 1307 1841 1364 alia
1864 1308 1964 1361 via.

766 1374 856 1443 Sy.
894 1374 1038 1439 Fiat:
1077 1388 1331 1444 quaeratur
1353 1377 1505 1430 aliud.
1544 1378 1631 1429 sed
1655 1378 1782 1430 illud
1805 1381 1939 1448 quod
1961 1378 2057 1436 tibi

762 1445 889 1498 Dixi
914 1446 976 1497 de
1001 1458 1224 1515 argento,
1250 1448 1384 1517 quod
1409 1448 1501 1499 ista
1524 1448 1673 1500 debet
1695 1449 1960 1516 Bacchidi,

763 1518 823 1570 ld
843 1535 981 1569 nunc
1006 1518 1313 1571 reddendum
1341 1529 1417 1571 est
1441 1519 1546 1572 illi:
1584 1537 1749 1589 neque
1772 1532 1829 1572 tu
1853 1522 2050 1574 scilicet

761 1589 843 1642 Εὸ
882 1607 1020 1641 nunc
1045 1591 1337 1659 confugies:
1376 1591 1507 1661 quid.
1532 1594 1666 1657 mea,
1701 1610 1826 1644 num
1863 1592 2190 1647 mihidatum
2269 1656 2272 1657 7

904 1663 1008 1712 est?

762 1732 902 1784 Num
923 1732 1081 1802 jussi?
1120 1752 1245 1785 num
1271 1734 1357 1786 illa
1381 1734 1709 1804 oppignerare
1726 1715 1908 1795 filiam*
2117 1670 2187 1720 4⁵

761 1804 935 1856 Meam
963 1823 1046 1856 me
1070 1803 1226 1857 invito
1250 1806 1446 1874 potuit?
1485 1809 1658 1858 versim
1685 1807 1826 1872 illud,
1853 1806 2093 1873 Chreme,

762 1875 989 1930 Dicunt:
1009 1877 1105 1947 jus
1122 1893 1368 1928 summum
1390 1895 1523 1945 saepe
1546 1895 1738 1929 summa
1765 1887 1837 1930 est
1861 1879 2072 1932 malitia.

765 1946 856 2000 Ch.
885 1947 1044 2070 {iantd
1078 1947 1278 2000 faciam.
1315 1947 1401 2018 Sy.
1435 1948 1540 2000 imo
1572 1949 1681 2000 aliis
1704 1949 1746 2000 si
1784 1950 1920 2015 licet,
1949 1942 2043 2001 tibi
2079 1968 2182 2003 non
2256 1956 2258 1959 ’

922 2038 998 2071 ree
1024 2058 1037 2073 .
1824 2031 1834 2043 ⁴
2134 2040 2137 2042 ·

760 2090 954 2142 Omnes
979 2084 1030 2142 te
1054 2091 1106 2144 in
1133 2093 1272 2143 lauta
1290 2101 1340 2142 et
1362 2093 1492 2142 bene
1516 2101 1654 2161 parte
1674 2094 1823 2144 aucta
1842 2102 2034 2162 putant.
2113 2099 2186 2147 50

763 2163 853 2216 Ch.
892 2162 1058 2286 3111?ss
1059 2174 1263 2232 egomet
1292 2161 1400 2232 jam
1426 2163 1490 2214 ad
1523 2181 1636 2215 eam
1664 2164 1902 2225 deferam.
1953 2164 2041 2234 Sy.
2077 2164 2185 2218 imo

756 2305 791 2359 J
796 2306 892 2357 ube
909 2306 1090 2374 potius,
1132 2304 1222 2358 Ch.
1248 2323 1400 2375 quam
1424 2306 1490 2356 ob
1514 2307 1658 2358 rem?
1699 2306 1785 2377 Sy.
1822 2307 1941 2378 quia
1965 2306 2104 2360 enim
2129 2306 2185 2359 in

899 2395 1016 2429 eum
1041 2377 1258 2447 suspicio
1277 2385 1351 2428 est
1875 2393 1878 2397 “

756 2449 1019 2572 Τιάηῗξῖῒῆ
1043 2445 1249 2501 amOriS.
1290 2448 1380 2500 Ch.
1422 2447 1543 2518 quid
1582 2449 1727 2502 tum?
1770 2449 1854 2519 Sy.
1893 2450 2014 2521 quia
2045 2448 2186 2502 vide-

932 2540 946 2571 1
972 2539 1032 2572 ur

757 2591 928 2660 Magis
952 2591 1219 2644 verisimile
1245 2591 1295 2643 id
1319 2608 1441 2654 esse,
1466 2591 1583 2642 cum
1603 2590 1690 2643 hic
1708 2591 1784 2644 illi
1809 2591 1980 2646 dabit:

756 2664 829 2716 Et
852 2664 1003 2715 simul
1028 2663 1293 2716 conficiam
1314 2661 1508 2714 facilius
1534 2680 1643 2731 eg0,
1669 2663 1802 2733 quod
1827 2665 1955 2715 vo10.
2111 2667 2178 2715 55

756 2735 870 2805 Ipse
896 2736 1020 2788 adeo
1044 2736 1200 2788 adest.
1236 2734 1350 2787 abia
1390 2732 1514 2811 effer
1536 2745 1816 2803 argentum.
1857 2733 1948 2786 Ch.
1971 2733 2142 2786 efferO.

121 2898 271 2950 usjuris
287 2911 386 2950 rigor
402 2910 500 2948 saepe
520 2897 629 2934 nimis
647 2906 790 2948 pugnat
809 2909 894 2934 cum
912 2895 1098 2946 aequitate.
1142 2895 1211 2934 Ch.
1240 2893 1330 2933 Non
1349 2894 1556 2947 confugiam
1585 2895 1630 2933 ad
1650 2908 1709 2933 eas
1740 2895 1872 2932 summi
1890 2894 1983 2944 juris
2009 2892 2180 2931 rationes.

122 2953 194 3004 Sy.
213 2950 287 2990 Sed
307 2952 338 2989 si
351 2951 445 3000 juris
466 2949 529 2987 ille
556 2951 655 3001 rigor
671 2951 750 2988 aliis
770 2949 1014 3001 permittitur,
1041 2958 1166 2986 tamen
1186 2960 1261 2985 non
1293 2948 1399 2985 decet
1424 2957 1462 2984 tc
1488 2962 1533 2985 co
1552 2949 1627 2985 uti:
1656 2948 1754 2998 quod
1773 2960 1900 2984 omnes
1927 2955 1965 2983 tc
1985 2955 2180 2984 numerant

124 3005 224 3044 inter
238 3005 374 3049 lautos,
387 3011 425 3040 et
441 3002 654 3054 locupletes.
686 3003 757 3041 Ch.
771 3001 954 3044 Quinimo
973 3014 1042 3051 ego
1060 3014 1158 3038 nunc
1177 3011 1372 3052 argentum
1392 2999 1506 3038 feram
1524 3000 1569 3036 ad
1588 2999 1823 3037 Bacchidem.
1865 2999 1934 3050 Sy.
1952 2997 2028 3035 Sed
2055 2998 2180 3049 potius

117 3058 213 3109 jube
228 3058 347 3096 filium
366 3055 403 3093 id
421 3055 552 3092 facere.
584 3055 654 3093 Ch.
673 3055 825 3099 Quare?
856 3055 925 3105 Sy.
944 3053 1055 3092 Certe
1073 3054 1160 3104 quia
1175 3054 1335 3103 suspicio
1350 3054 1481 3091 amoris
1497 3052 1670 3102 translata
1687 3062 1741 3089 est
1755 3053 1791 3089 in
1802 3050 1902 3089 hunc
1921 3051 2038 3089 filium
2055 3060 2180 3098 tuum,

124 3112 189 3162 qui
203 3118 355 3162 putatur
368 3109 390 3147 ὲ,
404 3106 630 3146 Menedemo
641 3121 721 3146 esse
736 3106 932 3146 Bacchidis
951 3115 1103 3144 amator.
1135 3106 1202 3144 Ch.
1218 3105 1320 3148 Quid
1340 3107 1425 3143 inde
1442 3107 1624 3156 sequitur,
1642 3106 1672 3142 si
1693 3105 1774 3142 talis
1789 3104 1962 3156 putatur?
1991 3103 2060 3155 Sy.
2079 3101 2182 3146 Quia

125 3165 164 3202 id
183 3163 367 3202 ‚videbitur
390 3174 469 3199 esse
485 3161 731 3207 verisimilius,
746 3162 831 3198 etun
854 3159 951 3197 filius
979 3168 1065 3196 tuus
1084 3159 1186 3196 dabit
1212 3159 1266 3196 illi
1291 3157 1469 3196 Bacchidi
1493 3168 1685 3208 argentum
1706 3156 1800 3194 hoc:
1829 3166 1867 3195 et
1887 3156 1998 3195 simul
2022 3156 2194 3195 efficiam·

125 3217 283 3254 minimo
297 3215 450 3307 nefiotio
464 3214 501 3253 id
521 3215 621 3265 quod
643 3215 787 3265 incepi:
817 3212 961 3250 facilius
982 3212 1059 3249 deci
1090 3213 1160 3248 iam
1195 3210 1477 3252 Menedemum.
1529 3210 1641 3249 Certe
1666 3209 1833 3263 Clitipho
1862 3210 1940 3263 ipse
1961 3209 2123 3258 advenit,
2153 3210 2180 3248 ό

124 3268 302 3326 Chreme,
319 3283 332 3308 ι

333 3388 338 3397 ι

371 3280 514 3316 omum,
529 3275 568 3307 et
585 3276 778 3331 argentum
797 3265 933 3319 profer.
978 3264 1048 3305 Ch.
1098 3263 1228 3304 rofero.
