2340 3964
10 3328 15 3369 -
3 3056 13 3319 d———m—-a—
3 2928 12 3045 ——v-*—
2 2841 7 2918 -*-⁴
2 2789 6 2818 ‘r

169 151 240 198 62
743 142 800 197 P.
833 137 1186 203 'rEREN'm
1219 138 1643 201 EUNUCHUS.

169 284 494 338 atqueexaliarum
508 285 742 324 meretricum

171 340 330 391 ingeniis
359 351 417 377 me
438 338 609 375 aestimat.
661 336 744 389 Ego

169 405 238 455 per
255 389 459 436 Pollucem,
484 403 569 441 quae
597 402 744 428 mecum

172 459 212 484 m
223 446 348 484 animo
362 446 475 482 totius
488 444 540 481 rei
556 443 746 480 veritatem

173 498 267 544 scio,
298 496 371 535 hoc
403 495 504 534 certo
531 495 622 542 scio,
649 492 746 532 nihil

173 551 355 590 mendacii
364 563 422 588 me
431 547 673 600 excogitasse,
682 560 749 584 ne-

172 617 246 654 que
258 616 318 641 me
329 614 538 653 quenquam
549 599 749 638 vehemen-

171 657 247 694 tius
299 667 435 700 amare,
479 652 591 703 quam
648 651 749 690 hunc

174 707 404 748 Phaedriam:
483 714 522 743 et
574 705 751 756 quicquid

174 760 286 810 huj-us
316 761 370 799 rei
405 758 478 799 feci
515 757 631 808 (quod
655 767 750 796 ‘eum

175 814 314 852 exclusi
340 812 451 862 foras)
480 823 629 863 propter
645 810 749 863 puel-

172 866 248 904 lam
293 863 524 917 Pamphilam
569 864 606 902 id
655 863 747 910 sech

177 932 263 958 nam
276 931 384 972 spero
399 931 457 955 me
469 915 578 965 hujus
586 916 750 964 fratrem,

795 285 963 352 Atque
980 301 1044 335 ex
1062 282 1274 334 aliarum
1299 281 1516 351 ingeniis
1533 302 1669 343 nunc
1691 302 1777 339 me
1792 283 2002 354 judicet.

795 354 913 423 Ego
937 354 1037 423 pol,
1056 372 1172 425 quae
1199 353 1327 406 mihi
1344 369 1458 409 sum
1484 355 1700 420 conscia,
1715 355 1816 415 hoc
1839 357 1978 408 certo
2001 354 2124 421 scie,

797 425 979 494 Neque
1004 442 1087 477 me
1110 423 1311 484 finxisse
1330 424 1439 486 falsi
1462 424 1756 495 quidquam,
1772 444 1938 497 neque
1960 444 2079 480 meo
2115 430 2226 480 120-

802 496 953 548 Cordi
979 514 1082 548 esse
1103 513 1389 564 quenquam
1415 495 1658 550 cariorem
1679 497 1779 552 hoc
1803 497 2064 552 Phaedria:

801 567 872 618 Et
885 565 1302 637 ‘quicquid‘hujus
1326 566 1442 632 feci,
1467 569 1642 622 caussa
1662 567 1868 637 virginis

803 638 948 691 Feci:
988 656 1106 691 nam
1132 656 1217 691 me
1235 637 1341 709 ejus
1363 655 1510 708 spero
1530 639 1734 691 fratrem
1758 640 2125 709 propemodum

801 709 834 762 J
839 728 920 761 am
943 709 1230 780 repperisse,
1254 709 1624 762 adolescentem
1648 709 1773 761 adeo
1795 710 2048 765 nobilem:
2085 721 2136 763 et

803 781 851 832 Is
875 782 1026 834 hodie
1050 790 1317 833 venturum
1342 781 1406 839 ad
1430 799 1514 833 me
1540 780 1800 834 constituit
1819 779 2045 836 domum.
2122 787 2220 836 125

803 852 1093 905 Concedam
1112 852 1234 905 hinc
1253 852 1402 919 intro,
1421 861 1570 922 atque
1593 848 1911 922 exspectabO,
1930 852 2051 909 dum
2068 854 2224 907 venit.

179 972 446 1010 adolescentem
465 969 566 1008 valde
581 969 760 1018 nobilem,
774 973 871 1023 pene
877 973 954 1022 jam
970 973 1174 1010 invenisse:
1193 973 1278 1012 etis
1291 973 1486 1012 constituit
1495 985 1535 1011 se
1547 981 1742 1013 venturum
1754 972 1800 1012 ad
1813 985 1874 1012 me
1887 973 1927 1015 in
1940 971 2092 1027 domum
2104 985 2225 1012 meam

115 1051 119 1053 -
178 1024 357 1065 hodierna
369 1024 440 1063 die.
494 1021 571 1061 Hic
586 1023 702 1075 igitur
718 1024 807 1064 dum
825 1027 948 1064 veniat
959 1025 1191 1079 exspectabo.

615 1373 1014 1456 ACTU'S
1089 1385 1190 1454 Π.
1287 1385 1690 1468 SCENA
1748 1369 1804 1456 ΙΙ

243 1803 315 1841 Ph.
338 1799 472 1841 Facito
493 1800 561 1848 ita,
587 1808 631 1839 ut
647 1800 767 1852 impe-

190 1858 288 1896 ravi:
330 1855 458 1893 ducito
501 1856 592 1893 istos
632 1853 766 1903 (eunu—

191 1908 304 1948 chum
334 1916 372 1946 et
401 1907 594 1947 foeminam
616 1905 768 1946 AEthio·

190 1962 294 2014 pem)
325 1972 365 1999 et
389 1961 492 1999 trade
507 1957 658 2007 Thaidi,
682 1973 768 1998 meo

193 2015 357 2052 nomine.
398 2014 468 2052 Pa.
494 2011 655 2052 Faciam.
695 2013 767 2052 Ph.

191 2067 246 2106 At
290 2067 502 2119 diligenter.
561 2067 631 2105 Pa.
670 2063 770 2105 Fiet.

194 2121 265 2160 Ph.
282 2120 338 2159 At
353 2119 440 2158 cito.
477 2120 548 2158 Pa.
565 2117 664 2159 Fiet.
697 2118 769 2158 Ph.

196 2171 344 2212 Satisne
372 2171 444 2211 hoc
469 2173 540 2212 tibi
556 2172 772 2211 mandatum

193 2226 434 2266 memineris?
478 2227 548 2264 Pa.
565 2225 645 2273 Ah,
661 2224 774 2277 quam

194 2281 306 2318 toties
324 2280 548 2332 interrogare
575 2278 774 2317 molestum

194 2342 273 2371 est:
293 2333 396 2383 quasi
414 2332 463 2370 sit
479 2331 643 2378 difficile,
662 2332 698 2370 id
713 2344 778 2370 ex-

197 2387 299 2438 equi,
320 2386 420 2436 quod
441 2385 565 2437 jubes.
619 2383 776 2423 Utinam

196 2450 275 2477 tam
321 2438 427 2484 facile
471 2439 561 2490 quid
601 2440 776 2489 reperias,

197 2491 311 2544 quam
336 2490 410 2530 hoc
435 2491 578 2543 perdeS.
633 2492 703 2530 Pk.
721 2489 778 2529 Ut

200 2547 313 2584 etiam
342 2545 544 2596 patientius
571 2543 665 2582 feras
695 2543 777 2582 haec

202 2599 300 2637 dona
323 2597 416 2636 mihi
435 2599 570 2650 perire,
597 2599 694 2636 scito
717 2611 777 2636 me

201 2651 278 2690 una
308 2664 455 2703 quoque
491 2663 577 2690 cum
609 2649 669 2689 his
705 2651 778 2689 mei

196 2705 378 2754 jacturam
413 2703 547 2750 facere,
589 2704 688 2756 quod
719 2702 778 2742 his

201 2757 308 2795 donis
316 2755 410 2795 mihi
418 2758 614 2809 pretiosius
626 2765 694 2795 est.
710 2757 780 2795 Pa.

207 2807 373 2850 Minime
417 2811 656 2861 impatienter
700 2809 781 2848 fero

168 2863 170 2866 ’
205 2860 290 2900 hoec
326 2872 391 2900 tua
433 2863 604 2900 mandata
648 2862 780 2902 facere.

207 2913 283 2954 Sed
298 2915 470 2967 nunquid
483 2915 583 2953 aliud
597 2917 679 2954 vis?
710 2916 781 2955 Ph.

207 2966 353 3007 Munus
379 2977 546 3007 nostrum
565 2978 784 3008 ornamento

205 3021 402 3060 verborum
432 3022 630 3073 pretiosius
659 3021 784 3070 facito,

208 3083 246 3112 et
283 3075 395 3112 istum
430 3075 578 3112 rivalem
623 3073 786 3114 Thraso-

207 3141 311 3174 nem,
335 3127 447 3178 quam
477 3127 606 3179 procul
632 3130 787 3179 poteris,

805 1590 1172 1679 PHQEDRlA.
1246 1590 1618 1647 PARMENO.

823 1800 919 1853 Ph.
947 1800 990 1852 F
991 1818 1059 1852 Ac
1078 1800 1170 1864 ita,
1183 1811 1242 1852 ut
1250 1798 1404 1871 jussi:
1442 1800 1755 1855 deducantur
1779 1799 1875 1853 isti.
1913 1798 2021 1854 Pa.
2039 1798 2240 1852 faciam.

962 1873 1061 1925 Ph.
1088 1882 1140 1924 at
1162 1872 1444 1941 diligenter.

823 1942 931 1998 Pa.
965 1943 1097 1998 Fiet.
1172 1945 1276 1998 Ph.
1301 1954 1352 1996 at
1378 1947 1588 1997 mature.
1663 1943 1768 1997 Pa.
1792 1943 1895 1997 fiet.
1969 1943 2071 1996 Ph.
2092 1941 2239 1995 satin'

962 2016 1062 2067 hoc
1084 2016 1377 2068 mandatum
1403 2025 1477 2068 est
1499 2016 1628 2068 tibi?
1936 2039 1938 2041 ·

823 2086 928 2140 Pa.
965 2087 1066 2152 Ah,
1091 2087 1339 2156 rogitare?
1379 2088 1521 2157 quasi
1553 2088 1759 2141 difficile
1782 2086 1904 2140 siet:
1941 2086 2138 2141 utinam

822 2160 954 2212 Tam
977 2158 1170 2228 aliquid
1192 2158 1339 2211 facile
1365 2159 1590 2212 invenire
1613 2160 1784 2230 possiS,
1804 2158 2051 2224 Phoedria,
2211 2162 2245 2208 4

819 2231 946 2284 Hoc
981 2232 1133 2301 quam
1168 2231 1366 2300 peribit.
1443 2232 1544 2284 Ph.
1580 2249 1678 2302 ego
1711 2248 1912 2302 quoque
1947 2231 2049 2282 una
2082 2245 2250 2299 peren,

969 2302 1105 2371 quod
1128 2305 1202 2355 mi
1224 2311 1298 2353 est
1319 2303 1499 2355 cariuS.
2108 2300 2253 2370 [quin

829 2375 915 2427 Ne
948 2370 1076 2426 istuc
1100 2384 1205 2426 tam
1232 2374 1406 2445 iniquo
1430 2375 1617 2445 patiare
1641 2373 1832 2427 animo.
1879 2373 1979 2425 Pa.
2004 2371 2251 2424 minime:

828 2446 1091 2499 Effectum
1119 2445 1263 2497 dabo·
1336 2447 1438 2499 Sed
1458 2446 1686 2516 nunquid
1704 2446 1842 2498 aliud
1858 2444 2106 2514 imperas?

830 2519 932 2571 Ph.
951 2516 1146 2569 Munus
1165 2526 1388 2570 nostrum
1413 2527 1588 2570 ornato
1605 2518 1783 2584 verbiS‚
1807 2517 1946 2589 quod
1965 2514 2177 2585 poteris:
2202 2522 2253 2566 et

830 2589 991 2642 Istum
1007 2590 1279 2655 aemulum,
1304 2590 1438 2660 quod
1456 2589 1657 2660 poteriS,
1678 2591 1742 2642 ab
1766 2587 2041 2659 eapeltito.

832 2661 939 2715 Pa.
976 2659 1216 2724 Memini,
1239 2662 1439 2713 tametsi
1463 2662 1632 2714 nullus
1658 2679 1876 2715 moneas,
1934 2660 2034 2712 Ph.
2053 2675 2149 2728 ego
2172 2674 2254 2708 rus

965 2730 1066 2796 ibo,
1091 2743 1242 2802 atque
1266 2734 1338 2785 ibi
1363 2735 1596 2785 manebO.
2190 2733 2255 2780 10

835 2799 940 2853 Ρα.
978 2803 1188 2855 Censeo,
1237 2804 1338 2857 Ph.
1364 2806 1451 2856 sed
1473 2805 1597 2858 heus
1621 2818 1694 2856 tu.
1733 2801 1838 2854 Pa.
1864 2801 1983 2873 quid
2008 2799 2114 2851 vis?
2156 2800 2255 2851 Ph.

977 2875 1176 2927 censen’
1201 2893 1343 2945 posse
1369 2894 1453 2929 me
1475 2876 1740 2929 oblimare
1760 2883 1811 2926 et
1994 2871 2254 2941 [arbitrorz

835 2943 1054 3014 Perpeti,
1079 2965 1144 2998 ne
1168 2949 1368 2999 redeam
1390 2947 1609 3000 interea?
1638 2947 1740 3000 Pa.
1766 2944 1943 2997 te-ne?
1966 2960 2067 2994 non
2085 2941 2258 2994 hercle

837 3015 975 3069 Nam
1010 3029 1098 3069 aut
1122 3017 1230 3088 jam
1263 3029 1524 3084 revertere,
1560 3027 1648 3071 aut
1684 3034 1803 3071 mox
1839 3023 1995 3068 noctu
2015 3024 2067 3065 te
2090 3012 2260 3084 adiget

980 3089 1183 3141 horsum
1209 3090 1475 3144 insomnia.
1972 3081 2262 3157 [dormiar'n.

209 3181 255 3219 ab
277 3180 320 3218 ea
348 3190 549 3219 removeto.
602 3181 670 3219 Pa.
699 3179 788 3219 Me·
840 3158 945 3211 Ph.
983 3161 1129 3229 Opus
1151 3161 1352 3226 faciam,
1389 3173 1445 3213 ut
1468 3161 1712 3230 defatiger
1743 3176 1919 3228 usque,
1956 3159 2007 3210 in
2048 3158 2182 3212 ratiis
2203 3166 2261 3209 ut

210 3244 352 3271 morem
371 3246 520 3272 ¹¹¹0¹¹e⁸=
550 3234 590 3271 5¹¹
608 3234 733 3272 animo
751 3235 789 3273 id
844 3230 950 3284 Pa.
986 3231 1231 3300 Vigilabis
1256 3235 1438 3286 lassus:
1478 3234 1579 3286 hoc
1602 3236 1714 3304 plus
1738 3231 1904 3284 facies·
1952 3231 2005 3283 P
2042 3269 2056 3283 .
2081 3230 2165 3296 ah,
2189 3227 2260 3280 nil

207 3284 343 3324 habeo.
398 3286 468 3324 Ph.
496 3284 582 3339 Ego
599 3288 637 3324 in
663 3287 786 3325 villam

210 3338 486 3385 me'confernm,
504 3351 614 3391 atque
630 3339 682 3377 ibi
702 3348 785 3378 tan-

208 3392 255 3429 tis
261 3405 326 3442 per
339 3392 618 3439 morabor,dum
630 3392 785 3431 biduum

981 3302 1123 3368 dicis,
1148 3302 1413 3357 Parmeno,
2151 3302 2155 3307 ’
2199 3305 2262 3351 15

211 3446 412 3482 transierit.
466 3446 536 3483 Pa.
564 3444 628 3483 Sic
655 3445 866 3483 faciendum
897 3445 1064 3485 arbitror.
1117 3445 1188 3485 Ph.
1216 3445 1290 3485 Sed
1316 3447 1408 3485 heus
1434 3454 1490 3485 tu.
1554 3447 1623 3485 Pa.
1652 3444 1756 3490 Quid
1783 3446 1864 3485 vis?
1920 3447 1990 3485 Pk.
2018 3444 2180 3483 Putasne
2206 3457 2266 3482 me

212 3510 321 3548 posse
339 3496 532 3543 obdurare,
554 3507 589 3535 et
608 3496 701 3535 mihi
720 3507 941 3550 temperare,
960 3513 1007 3537 ne
1026 3510 1114 3538 ante
1131 3500 1222 3539 duos
1240 3499 1374 3548 ‹liesad
1384 3500 1513 3538 urbem
1532 3501 1678 3538 redeam
1694 3500 1711 3538 ?
1768 3500 1839 3538 Pa.
1864 3498 1987 3538 Te-ne
2005 3512 2112 3550 posse
2131 3498 2169 3536 id
2185 3510 2268 3549 per·

214 3550 318 3601 peti?
357 3549 390 3585 N
397 3562 445 3586 on
461 3549 674 3588 mehercule
691 3552 847 3602 opinor:
877 3564 962 3589 nam
981 3561 1045 3590 aut
1062 3553 1189 3591 statim
1208 3552 1306 3590 ultro
1324 3553 1473 3599 redibis,
1492 3563 1556 3591 aut
1575 3565 1664 3591 mox
1683 3565 1747 3604 per
1769 3562 1916 3590 noctem
1935 3562 1972 3590 tc
1991 3551 2175 3590 insomnia
2190 3549 2268 3587 sola

214 3601 261 3639 ad
278 3602 407 3639 urbem
424 3603 604 3654 impellet,
625 3613 663 3640 et
681 3604 878 3642 revocabit.
933 3605 1002 3642 Ph.
1030 3602 1155 3657 Opere
1173 3607 1308 3643 rustico
1327 3619 1386 3644 me
1400 3606 1600 3658 exercebo,
1618 3605 1738 3658 quoad
1752 3604 1915 3643 defessus
1933 3607 2018 3652 sim,
2031 3613 2075 3642 ut
2087 3605 2198 3641 etiam
2211 3604 2269 3639 in·

214 3655 313 3691 vitus
328 3655 484 3693 dormire
499 3668 618 3704 cogar.
674 3656 744 3694 Pa.
761 3655 816 3695 Te
832 3657 996 3706 lassabis,
1015 3666 1055 3696 at
1069 3657 1189 3698 nihilo
1201 3660 1315 3711 magis
1331 3659 1374 3698 c&
1388 3660 1495 3698 caus&
1508 3659 1646 3712 poteris
1659 3671 1791 3711 capere
1803 3670 1987 3698 somnum.
2042 3657 2111 3695 Ph.
2124 3655 2270 3707 Apage,

214 3706 352 3746 frustra
363 3706 445 3747 haec
463 3698 570 3758 dicii,
586 3706 783 3750 Parmenm
