2314 3944
759 137 991 192 ACTUS
1026 136 1114 191 IV.
1188 128 1423 192 SCENA
1451 138 1521 191 .V.

123 279 285 335 Domi
307 279 556 350 virginem
579 290 684 332 tam
710 281 969 350 grandem,
1005 279 1126 334 dum
1153 289 1393 349 cognatus
1416 280 1539 332 hinc

123 354 274 406 Illinc
297 351 488 404 veniret
504 355 887 421 expectantem?
926 353 1055 416 haec,
1077 351 1150 404 mi
1173 361 1327 420 pater,
1469 359 1542 405 40

123 424 200 477 Te
219 424 384 476 dicere
404 440 604 492 aequom
629 423 738 487 fuit,
763 433 813 474 et
837 423 888 475 id
909 423 1189 475 defendere.
1338 492 1351 504 ·

123 494 226 547 Mi.
249 493 516 546 Ridicule:
541 494 868 546 advorsumne
888 495 1032 546 illum
1054 508 1276 544 caussam
1303 492 1540 558 dicerem,

125 564 224 616 Cui
245 582 480 616 veneram
505 566 802 626 advocatus?
841 565 927 616 sed
951 563 1090 633 quid,
1113 562 1372 627 AEschine,
1493 633 1505 645 ·

122 634 340 687 Nostra?
378 645 466 687 aut
502 635 623 706 quid
658 636 800 687 nobis
824 653 943 688 cum
974 634 1106 686 illis?
1144 634 1398 697 abeamUS,
1422 634 1544 702 quid

267 707 370 757 est?
1059 749 1062 751 ,

125 775 265 834 Quid
314 778 589 829 lacrumas?
667 778 773 830 AES.
827 785 982 845 pater,
1029 776 1251 840 obsecr0,
1304 777 1544 831 ausculta.

264 846 342 899 M
338 849 370 901 i.
396 848 657 912 AEschIne,
680 848 847 899 audivi
865 845 1052 911 omnia,
1473 852 1547 898 45>

123 915 196 969 Et
218 917 352 970 scio:
390 937 510 970 nam
535 937 650 971 amo
673 929 723 970 te
745 939 758 972 ε
797 920 895 988 quo
922 918 1097 986 magiS,
1127 936 1241 988 quae
1263 916 1385 986 agiS,
1411 934 1545 969 curae

266 997 382 1041 sunt
404 989 548 1041 mihi.
1429 1058 1443 1071 ⁶

128 1059 237 1112 AES.
275 1059 353 1111 Ita
375 1061 529 1112 velim
563 1077 646 1112 me
676 1067 1047 1130 promerentem
1072 1076 1226 1123 ameS,
1250 1058 1372 1110 dum
1397 1077 1545 1124 vivaS,

267 1130 340 1182 mi
364 1141 520 1199 pater,
1302 1198 1314 1210 .
1358 1199 1371 1212 ⁶

122 1199 204 1252 Ut
226 1218 309 1252 me
332 1200 431 1252 hoc
449 1200 690 1253 delictum
710 1199 963 1253 admisisse
983 1200 1036 1252 in
1053 1217 1154 1264 me,
1178 1199 1230 1251 id
1245 1199 1375 1252 mlhl
1392 1200 1546 1252 vehe-

270 1279 466 1322 menter
489 1271 655 1324 dolet:
950 1271 954 1276 ”

128 1338 198 1394 Et
234 1358 317 1392 me
349 1341 424 1392 tui
461 1343 633 1411 pudet.
704 1342 805 1394 Mi.
842 1341 991 1394 credo
1019 1341 1190 1393 hercle
1207 1360 1223 1406 3
1257 1359 1376 1394 nam
1403 1341 1547 1411 inge·

147 1420 149 1422 ’
268 1411 413 1464 nium
437 1413 554 1464 novi
576 1423 723 1464 tuum

127 1481 391 1535 Liberale:
428 1484 515 1535 sed
533 1501 704 1539 ‚vereor
725 1502 788 1535 ne
808 1483 1075 1553 indiligens
1089 1482 1305 1540 nimium
1331 1484 1441 1537 sies·
1477 1490 1547 1539 50

127 1551 191 1603 In
217 1555 318 1620 qua
341 1554 541 1606 civitate
565 1554 768 1606 tandem
792 1566 844 1606 te
867 1556 1100 1606 arbitrare
1123 1555 1314 1606 vivere?

128 1621 394 1692 Virginem
429 1624 629 1689 vitiasti,
675 1643 825 1695 quam
870 1636 920 1676 te
956 1625 1039 1696 jus
1083 1643 1186 1677 non
1229 1626 1392 1678 suerat
1434 1634 1545 1677 tan-

307 1713 403 1748 ere.

129 1762 251 1816 Jam
270 1712 328 1817 igd
350 1775 616 1835 peccatum
640 1767 864 1837 primum
899 1785 1174 1836 magnum:
1211 1785 1474 1838 magnum,
1497 1778 1549 1821 at

271 1835 552 1890 humanum
575 1849 774 1890 tamen:

132 1905 319 1958 Fecere
355 1909 442 1960 alii
477 1926 629 1977 saepe,
662 1910 785 1962 item
822 1907 957 1963 boni.'
990 1919 1042 1961 at
1072 1919 1335 1979 postquam
1367 1910 1549 1990 evenit,

273 1978 414 2045 cedo,
658 2010 660 2013 s
1543 1988 1547 1993 “

134 2047 382 2119 Nunquid
427 2051 812 2122 circumspext‘i?
873 2061 961 2104 aut
1008 2051 1235 2120 nunquid
1268 2043 1387 2103 'tute
1432 2070 1551 2122 pro-

273 2125 435 2189 spexti
452 2122 545 2174 tibi
563 2124 579 2174 ?
1479 2129 1547 2175 55

135 2189 276 2246 Quid
297 2191 471 2244 fieret?
511 2196 610 2263 qua
631 2193 804 2245 fieret?
843 2192 883 2244 si
916 2202 967 2244 te
1005 2192 1169 2262 ipsum
1207 2192 1336 2244 mihi
1370 2193 1549 2262 puduit

278 2261 460 2328 dicere,

136 2329 256 2386 Qua
281 2334 629 2388 resciscerem?
667 2335 780 2387 haec
804 2335 925 2387 dum
964 2334 1176 2400 dubitaS,
1213 2351 1408 2386 menses
1442 2335 1550 2387 abi-

279 2414 425 2456 erunt
447 2406 640 2458 decem.
691 2429 693 2432 ·

134 2472 400 2528 Prodidisti
434 2485 501 2542 te,
543 2488 593 2529 et
627 2477 768 2528 illam
793 2476 1043 2541 miseram,
1080 2485 1131 2529 et
1161 2486 1391 2545 gnatum,
1416 2477 1551 2547 quod

278 2545 482 2614 quidem
503 2548 555 2598 in
579 2557 628 2600 te
653 2547 764 2599 fuit.

139 2612 314 2670 Quid?
369 2619 601 2670 credebas
642 2618 908 2670 dormienti
952 2617 1063 2670 haec
1103 2616 1198 2669 tibi
1241 2620 1529 2671 confecturo

407 2688 425 2724 >
1528 2709 1531 2711 ,

137 2753 210 2808 Et
231 2686 451 2810 siggotsua
473 2761 624 2827 opera
641 2760 780 2812 illam
803 2760 856 2813 in
881 2761 1171 2814 cubiculum
1196 2761 1256 2814 iri
1277 2759 1552 2814 deductum

278 2829 522 2881 domum?
1331 2856 1334 2859 *
1484 2836 1553 2882 60

111 2907 115 2912 '
135 2895 311 2950 Nolim
366 2910 668 3023 gaeterarum
731 2919 896 2956 rerum
957 2912 1008 2955 te
1070 2902 1328 2956 socordem
1375 2901 1553 2954 eodem

279 2987 365 3022 mo
399 2990 449 3023 0.

139 3036 287 3090 Bono
308 3041 481 3095 animo
508 3061 581 3108 ες,
619 3043 769 3095 duces
797 3048 1006 3096 uxorem
1033 3045 1184 3096 hanc.
1256 3043 1366 3096 AEs.
1400 3043 1552 3097 hem!

279 3108 386 3163 Mi.
425 3114 555 3166 bono
576 3114 748 3167 animo
771 3134 838 3181 eS,
862 3116 1085 3185 inquam.
1162 3115 1269 3168 AEs.
1306 3126 1459 3183 pater,

141 3177 384 3245 Obsecrn,
416 3199 541 3235 num
578 3185 707 3237 ludis
742 3195 796 3237 tu
834 3205 971 3238 nunc
1007 3187 1125 3238 mc?
1200 3186 1301 3237 Mi.
1337 3203 1432 3254 ego
1465 3187 1550 3237 te?

282 3255 642 3321 quamobrem?
718 3258 827 3313 AEs.
863 3258 1062 3310 nescio:

2058 148 2156 197 185

1590 277 1690 317 domi
1718 280 1898 333 virginem
1928 282 2093 324 nobilem
2118 300 2161 325 o·

1591 333 1731 384 portuit
1756 335 1845 371 sine·
1862 335 2092 387 conditione,
2120 349 2163 378 et.

1592 384 1693 423 illam
1710 394 1919 437 expectare,
1941 389 2061 439 quoad
2078 404 2163 442 pro·

1591 439 1754 489 pinquus
1795 439 1857 477 ille
1891 453 1972 478 eam
2010 455 2163 483 uxorem

1592 491 1766 541 peteret?
1821 489 1931 539 Hoec,
1966 493 2018 531 mi
2046 505 2165 546 pater,

1593 551 1633 579 te
1667 543 1788 581 dicere
1816 543 1961 594 justum
1994 545 2080 595 fuit,
2125 560 2166 589 et

1594 595 1634 632 in
1647 595 1899 635 defensionem
1917 599 2069 650 virginis
2080 614 2166 653 pro⁴

1594 645 1701 686 ferre.
1754 649 1829 686 Mi.
1846 648 1972 692 Quam
1991 652 2163 694 ridiculus

1596 700 1659 736 es!
1703 714 1750 738 an
1786 701 1966 741 arbitraris
1998 718 2059 743 me
2099 707 2164 745 dc-

1596 751 1717 789 buisse
1752 763 1876 792 contra
1911 756 2017 795 illum
2055 760 2167 799 verba

1594 802 1729 851 facere,
1747 807 1812 856 qui
1840 820 1900 845 me
1926 809 1997 847 sibi
2014 811 2167 851 advoca-

1614 868 1674 894 um
1702 857 1941 907 adjunxerat?
1970 861 2049 901 Sed
2076 866 2167 916 quid

1657 921 1677 946 c
1711 912 1836 951 nostra
1869 913 2037 962 interest,
2079 917 2167 957 AEs-

1596 959 1734 1001 chine?
1762 972 1827 1000 aut
1851 966 1940 1016 quid
1957 968 2062 1006 nobis
2079 983 2166 1011 cum

1597 1013 1668 1051 illis
1683 1017 1849 1067 negotii?
1877 1017 2048 1058 abeamus
2063 1021 2168 1063 hinc.

1598 1063 1787 1107 Quidnam
1825 1070 1908 1108 est?
1954 1084 2020 1110 cur
2054 1074 2169 1128 lacry-

1557 1154 1559 1157 ,
1597 1119 1732 1157 maris?
1786 1123 1866 1165 AEs,
1886 1120 2007 1171 Pater,
2025 1138 2105 1175 oro,
2121 1139 2168 1167 ut

1598 1184 1659 1209 me
1683 1173 1819 1213 audias.
1869 1175 1945 1214 Mi.
1973 1177 2167 1228 AEscffine,

1596 1225 1723 1276 accepi
1752 1227 1875 1265 omnia
1897 1241 1981 1279 quae
2002 1231 2167 1271 dicturus

1598 1289 1652 1323 es,
1679 1287 1718 1315 et
1747 1278 1862 1330 probe
1887 1282 1991 1319 sciot·
2014 1297 2100 1322 nam
2126 1295 2167 1325 te

1581 1342 1704 1367 amo:
1740 1331 1859 1382 eoque
1893 1335 2066 1384 majorem
2100 1351 2168 1377 cu-

1597 1394 1675 1421 ram
1702 1395 1828 1422 eorum
1846 1397 1930 1436 quae
1955 1389 2046 1439 agis,
2063 1403 2168 1442 gero.
2224 1406 2225 1410 ¹

1597 1435 1677 1474 AEs.
1715 1434 1775 1474 Ita
1804 1437 1913 1476 velim
1949 1437 2049 1478 hunc
2080 1456 2168 1496 erga

1596 1499 1659 1524 me
1677 1500 1837 1528 amorem
1854 1492 2061 1541 continues,
2080 1495 2170 1536 dum

1598 1540 1707 1578 vitam
1733 1554 1835 1594 agas,
1862 1552 1902 1588 et
1931 1558 1977 1582 eo
2001 1559 2062 1584 me
2087 1547 2168 1602 dig-

1597 1604 1688 1631 num
1709 1604 1895 1645 praestem,
1917 1598 1969 1635 mi
1987 1609 2107 1650 pater,
2123 1611 2170 1653 ut

1597 1657 1658 1683 me
1674 1644 1771 1685 hanc
1786 1646 1933 1700 culpam
1946 1653 2171 1692 commisisse

1599 1696 1838 1738 vehementer
1875 1701 2000 1741 doleo:
2045 1714 2084 1743 et
2111 1708 2169 1747 tui

1598 1751 1715 1802 grati&
1764 1754 1904 1804 pudore
1966 1755 2171 1799 suffundor.

1599 1804 1676 1841 Mi.
1702 1802 1824 1843 Facile
1849 1807 1889 1845 id
1917 1809 2044 1847 credo:
2084 1825 2171 1852 nam

1601 1855 1711 1906 quam
1738 1859 1865 1910 probae
1895 1860 1946 1898 sis
1971 1859 2104 1901 indolis
2131 1875 2171 1904 et

1601 1909 1772 1962 ingenuae
1785 1913 1883 1950 scio:
1903 1914 1969 1952 sed
1982 1925 2109 1954 metuo
2122 1931 2171 1956 ne

1601 1962 1640 2009 in
1653 1962 1761 2000 rebus
1773 1965 1846 2003 tuis
1863 1966 2108 2020 negligentior
2119 1972 2171 2011 sis
2200 1968 2204 1976 ¹

1600 2023 1711 2066 atque
1740 2017 1931 2056 incautior.
2001 2017 2047 2059 In
2078 2023 2171 2073 qua-

1600 2079 1687 2105 nam
1717 2070 1864 2108 civitate
1898 2071 2046 2111 demum
2085 2075 2170 2127 opi-

1601 2121 1695 2158 naris
1722 2133 1761 2159 te
1789 2124 1924 2174 agere?
1960 2139 2085 2164 nonne
2114 2127 2171 2166 A-

1600 2171 1721 2211 thenis
1750 2175 1855 2223 vivis,
1886 2177 1950 2214 ubi
1985 2177 2086 2230 leges
2117 2182 2172 2218 vi·

1599 2227 1715 2277 gent?
1757 2225 1904 2280 Virgini
1937 2230 2068 2269 vitium
2103 2233 2172 2271 ob·

1601 2278 1736 2325 tulisti,
1752 2293 1864 2332 quam
1883 2294 1930 2319 ne
1948 2283 2099 2333 quidem
2115 2295 2172 2326 at·

1601 2331 1744 2383 tingere
1787 2333 1858 2372 tibi
1903 2333 2046 2374 licitum
2085 2337 2170 2383 fuit.

1602 2383 1688 2422 Jam
1720 2385 1860 2425 crimen
1888 2387 1984 2425 istud
2009 2389 2177 2440 primum

1602 2449 1710 2490 grave
1740 2447 1810 2485 est,
1843 2452 1952 2492 grave
1981 2442 2095 2490 certe,
2131 2452 2174 2483 at

1602 2491 1642 2527 in
1659 2487 1851 2529 hominem
1881 2501 2002 2543 potest
2029 2494 2172 2535 cadere.
2208 2510 2211 2512 ’

1600 2541 1794 2581 ‘Admisere
1825 2542 1914 2582 illud
1931 2557 2079 2598 quoque
2102 2545 2173 2587 safi-

1603 2595 1754 2647 pissime
1771 2597 1837 2634 viri
1859 2596 1935 2644 alii,
1960 2598 2071 2637 etiarn
2088 2612 2173 2651 pro-

1604 2648 1643 2686 bi
1656 2657 1673 2695 ς,
1696 2657 1734 2685 at
1759 2658 1951 2700 postquam
1980 2648 2018 2690 id
2035 2650 2173 2700 fecisti,

1605 2701 1680 2747 dic,
1697 2714 1835 2751 quaeso,
1856 2703 2038 2752 quodnam
2055 2717 2175 2744 reme-

1605 2753 1708 2792 dium
1723 2754 2064 2806 circumspiciendo,
2082 2756 2172 2796 huic

1603 2804 1700 2843 facto
1738 2806 1925 2845 attulisti?
1990 2807 2173 2860 Nunquid

1604 2866 1647 2896 tu
1699 2859 1778 2910 ipse
1825 2860 2011 2911 providisti
2062 2863 2172 2901 rebus

1604 2911 1706 2949 tuis?
1751 2912 1842 2963 quid
1874 2912 2081 2952 faciendum
2116 2915 2172 2953 fo*

1605 2964 1687 3002 ret?
1725 2973 1764 3001 et
1794 2977 1869 3015 quo
1899 2965 2009 3014 modo
2040 2967 2170 3013 ficret?

1605 3015 1684 3054 Aut
1727 3017 1759 3054 si
1799 3016 1937 3068 pudore
1975 3019 2173 3069 impeditus

1604 3068 1721 3115 fuisti,
1734 3070 1931 3120 quominus
1949 3070 1985 3107 id
2003 3068 2093 3108 mihi
2113 3079 2175 3109 tu-

1605 3132 1643 3160 te
1661 3122 1740 3174 ipse
1756 3120 1966 3168 declam-es,
1983 3135 2028 3159 an
2054 3121 2174 3169 fecisti

1605 3183 1647 3213 ut
1672 3187 1738 3226 per
1763 3173 1853 3211 alios
1880 3174 1916 3211 id
1938 3175 2172 3227 inaudirem?

1607 3227 1695 3265 dum
1713 3226 1844 3263 dubius
1870 3227 1998 3273 animi,
2023 3227 2111 3278 quid
2134 3241 2176 3266 a·

1606 3292 1692 3331 gere
1708 3278 1901 3323 debueris,
1914 3277 2045 3327 haeres,
2070 3293 2175 3318 men·

1607 3344 1665 3368 ses
1683 3331 1793 3382 elapsi
1810 3339 1897 3367 sunt
1913 3330 2054 3371 decem.
2075 3362 2083 3368 ,
2095 3331 2178 3370 Ob·

136 3380 259 3429 jecisti
276 3380 375 3420 illam
396 3391 498 3423 tuam
514 3385 683 3431 amicam,
701 3396 739 3426 et
757 3387 935 3426 infantem
952 3402 996 3426 ex
1014 3389 1058 3427 ea
1077 3389 1310 3439 susceptum,
1329 3394 1442 3437 teque
1460 3386 1580 3446 ipsum
1599 3385 1740 3434 magnis
1762 3382 1930 3444 periculis
1946 3385 2175 3446 ‹et-miserus,

144 3442 323 3485 quantum
347 3435 386 3472 in
414 3446 452 3474 te
476 3438 640 3488 positum
666 3439 750 3479 fuit.
806 3439 909 3483 Quid
935 3441 1005 3478 tibi
1031 3440 1269 3491 persuadebas
1296 3447 1510 3477 eventurum
1531 3446 1584 3474 ita
1599 3435 1799 3472 cessando?
1828 3433 1893 3472 tibi
1921 3436 2118 3498 desidenti,
2134 3446 2175 3475 et

144 3487 328 3531 stertenti,
346 3499 403 3524 res
420 3498 500 3526 tuas
515 3489 602 3527 deos
615 3493 853 3542 peracturos?
884 3501 922 3529 ct
939 3493 1081 3539 amicae,
1099 3503 1136 3529 te
1150 3493 1284 3538 otioso,
1303 3501 1340 3528 et
1359 3489 1461 3528 nuno
1476 3489 1586 3550 modo
1603 3487 1841 3547 allaborante,
1858 3486 2112 3550 deUCFOUPm
2129 3489 2177 3527 *d

143 3537 240 3575 aedes
263 3547 345 3576 tuas
360 3538 498 3579 factum
513 3541 585 3579 iri?
615 3542 728 3593 AEgre
747 3544 895 3581 tulerim
913 3545 943 3581 si
966 3545 1004 3580 in
1023 3545 1164 3582 caeteris
1179 3544 1254 3581 tuis
1279 3543 1388 3581 rebus
1406 3543 1457 3579 ita
1475 3540 1664 3592 negligens
1682 3537 1806 3577 fueris.
1831 3597 1840 3601 υ
1861 3537 1936 3578 Sed
1957 3539 2078 3602 hilaris
2097 3551 2178 3602 esto

144 3590 286 3637 animo,
314 3590 413 3629 illam
431 3593 469 3630 in
487 3606 638 3631 uxorem
657 3588 826 3646 accipies.
879 3596 958 3633 AEs.
987 3593 1107 3633 Hem!
1162 3595 1237 3632 Mi.
1266 3593 1394 3632 Laetus
1412 3601 1508 3638 esto,
1531 3595 1694 3644 inquam·
1743 3591 1824 3629 AES·
1850 3589 1974 3643 Pater»
1991 3593 2050 3632 dle
2066 3591 2177 3640 mlhb

144 3654 282 3697 quaeso,
300 3656 346 3683 an
366 3657 438 3682 non
454 3657 513 3686 me
527 3645 742 3686 ludificaris?
798 3648 872 3686 Mi.
900 3646 982 3699 Ego
996 3655 1034 3687 te
1051 3646 1243 3689 ludificet?
1273 3644 1541 3699 qumobrem?
1595 3644 1676 3684 AES·
1700 3641 1862 3683 N⁰⁸0¹⁰²
