2340 3964
492 482 880 566 ACTUS
951 481 1049 549 ΙΙ.
1145 480 1544 549 SCENA
1596 481 1756 549 ·III.

730 684 1062 750 CHAEREA.
1135 648 1510 745 PA'RMENO.

44 908 47 915 ,
83 865 203 923 'Ch
243 869 490 923 Commu

32 982 35 986 .
105 938 284 1010 Neque
307 942 446 1010 virgo
480 950 554 992 est
588 959 814 1009 usquam,
852 957 1012 1009 neque
1049 957 1158 1007 ego,
1195 937 1282 1007 qui
1320 937 1460 989 illam
1483 939 1512 986 e

245 1021 514 1081 conspectu
537 1012 679 1063 amisi
705 1029 831 1063 meo,
1331 1045 1334 1052 ·

103 1079 208 1132 Ubi
231 1084 487 1151 quaeram?
526 1084 612 1133 ubi
648 1081 976 1150 investigem?
1015 1096 1167 1149 quem
1209 1077 1506 1147 perconter?

242 1170 392 1221 quam
410 1152 631 1204 insistam
655 1153 819 1203 viam?

0 1210 24 1243 ³*
98 1207 323 1282 Incertus
359 1242 500 1275 sum:
537 1240 638 1273 una
662 1223 772 1274 haec
795 1240 905 1291 spes
930 1232 1031 1285 est3
1073 1221 1157 1272 ubi
1182 1219 1271 1272 ubi
1295 1227 1384 1283 est,
1420 1218 1508 1269 diu

15 1349 18 1358 ¹
239 1292 390 1354 celari
413 1311 512 1353 non
534 1301 712 1361 potest.
900 1339 909 1345 f
1403 1360 1414 1372 ·

95 1361 146 1431 O
165 1363 345 1427 faciem
361 1360 654 1432 pulchram!
693 1364 836 1416 deleo
853 1381 1027 1415 omnes
1046 1361 1232 1414 dehinc
1249 1379 1310 1412 ex
1334 1378 1506 1412 annno

234 1435 484 1487 mulieres.
1130 1478 1135 1480 ,
1470 1438 1499 1481 5

92 1502 270 1556 Taedet
292 1505 689 1574 quotidianarum
714 1506 890 1557 harum
921 1506 1211 1556 formarum.
1253 1503 1353 1554 Pa.
1382 1518 1500 1552 ecce

0 1613 13 1629 2
232 1585 401 1627 autem
420 1576 649 1627 alterum.
900 1568 912 1600 ‘
1275 1572 1464 1640 [senem
1487 1571 1496 1622 !

0 1635 10 1699 ᾖ.
89 1642 182 1695 ΒΕ
207 1636 378 1697 amore
414 1646 580 1698 nescio
614 1646 736 1715 quid
772 1645 1016 1714 loquitur3
1062 1645 1094 1694 ὂ
1131 1643 1497 1722 infortunatum

91 1714 204 1767 Hic
223 1717 340 1768 verb
357 1727 446 1780 est,
466 1717 612 1787 quisi
635 1734 800 1768 amare
819 1714 1083 1785 occeperit,
1102 1715 1279 1765 ludum
1295 1731 1497 1783 jocum-

0 1811 5 1847 ;
231 1805 328 1856 que
353 1787 493 1839 dices*
1443 1855 1454 1866 ⁸

87 1854 260 1907 Fuisse
277 1858 423 1914 illum,
438 1860 667 1922 alterum,
687 1866 847 1926 praeut
863 1855 949 1926 huj
957 1874 1013 1906 us
1024 1854 1187 1906 'rabies
1208 1873 1323 1923 quae
1342 1856 1494 1937 dabit.

88 1926 180 1978 Ch.
217 1926 290 1979 Ut
324 1928 470 1980 illum
507 1929 559 1980 di
583 1929 795 1997 deaeque·
810 1928 1007 1979 senium
1032 1927 1259 1995 perdant,
1298 1944 1386 1994 qul
1410 1943 1494 1977 me

8 1990 13 2018 ³
224 1997 372 2050 hodie
394 2010 663 2051 remoratus
686 2007 789 2050 est:
1429 2003 1495 2048 lO

85 2066 281 2139 Meque·
299 2069 448 2133 adeo,
463 2070 551 2139 qui
574 2069 834 2121 restiterim
853 2087 868 2133 3
905 2076 1015 2120 tum
1039 2076 1208 2119 autem
1235 2066 1321 2136 qui
1345 2066 1492 2119 illum

223 2140 367 2191 flocci
392 2141 613 2194 fecerim.

0 2251 10 2280 i
82 2207 382 2262 Sed=eccum
411 2211 801 2263 Parmenonem:
837 2211 982 2262 salve.

3 2273 10 2340 J
219 2279 401 2332 tristis?
441 2283 618 2350 quidve
637 2282 843 2333 alacris?
882 2329 889 2338 ,

3 2342 6 2403 J
81 2347 232 2401 Unde
270 2350 345 2402 is?
389 2351 476 2404 Ch.
516 2353 711 2422 egone?
750 2350 918 2402 nescio
939 2349 1126 2414 hercle,
1164 2366 1329 2420 neque
1352 2349 1486 2410 unde

0 2463 2 2490 ;
26 2465 33 2471 ,
219 2438 348 2484 eam,
373 2423 791 2492 nequequorsum
811 2439 922 2473 eam
943 2442 955 2473 :
1439 2431 1446 2436 ‘

77 2487 156 2541 Ita
178 2502 403 2558 prorsum
427 2493 609 2545 oblitus
632 2511 743 2557 sum
771 2493 887 2544 mei.
1434 2542 1436 2545 ,

0 2569 11 2598 ³
79 2561 178 2614 Pa.
204 2561 309 2616 Qui
332 2565 529 2631 quaeso?
588 2563 677 2615 Ch.
696 2581 829 2615 amo,
882 2563 983 2614 Pa.
1009 2562 1176 2613 ehem.
1218 2562 1307 2613 Ch.
1332 2579 1485 2625 nunc,

220 2631 481 2698 Parmeno,
506 2643 555 2685 te
573 2634 814 2697 ostendes,
841 2633 927 2702 qui
947 2633 1020 2683 vir
1038 2633 1146 2683 sies.
1423 2638 1482 2682 15

76 2700 186 2753 Seis
209 2712 259 2754 te
278 2703 405 2755 mihi
424 2723 557 2775 saepe
575 2704 857 2774 pollicitum
876 2718 1010 2754 esse:
1048 2703 1272 2767 Chaerea,
1295 2703 1490 2772 aliquid>

213 2790 390 2825 invem·

1056 2209 1165 2261 Pa.
1214 2207 1334 2279 quid
1358 2218 1413 2259 tu
1438 2225 1489 2259 es

1623 867 1692 906 ch.
1720 867 1830 908 Perii.
1885 870 2018 923 Neque
2032 874 2153 925 virge.

1566 926 1719 970 usquam
1738 931 1806 968 est,
1826 937 1945 974 neque
1964 939 2047 976 ego,
2070 927 2135 976 qui

1566 971 1665 1009 illam
1689 974 1802 1012 visam
1830 977 1868 1013 in
1897 977 1954 1014 via
1982 979 2138 1028 perdidi.

1567 1022 1642 1061 Ubi
1675 1029 1862 1075 quaeram?
1892 1028 1956 1066 ubi
1980 1032 2137 1082 vestigia

1563 1076 1642 1125 ejus
1660 1080 1818 1127 sequar?
1849 1094 1960 1129 quem
1979 1082 2138 1120 interro-

1561 1128 1681 1177 gabo?
1713 1130 1800 1172 Qua.
1823 1132 1880 1170 via
1909 1135 2134 1184 procedam-‚³

1561 1178 1729 1219 Incertus
1758 1195 1839 1221 sum
1859 1185 1948 1234 quid
1964 1186 2035 1223 sim
2059 1186 2137 1224 fac-

1561 1242 1685 1270 turus:
1731 1232 1812 1271 haec
1846 1236 1924 1274 sola
1957 1250 2041 1288 spes
2078 1252 2137 1276 re-

1560 1293 1650 1330 stat,
1684 1286 1783 1334 quod
1815 1287 1934 1325 ubivis
1969 1291 2032 1336 sit,
2068 1291 2133 1328 diu

1561 1337 1735 1374 occultari
1755 1352 1828 1376 non
1846 1349 1985 1391 potest,
2007 1342 2056 1380 ob
2075 1344 2136 1379 ni·

1558 1391 1670 1426 miam
1697 1388 1826 1428 formae
1855 1394 2021 1442 gratiam.
2091 1394 2129 1431 Ο

1554 1440 1686 1480 faciem
1732 1446 1941 1482 venustam!
1996 1445 2132 1483 exinde

1554 1506 1681 1531 omnes
1707 1495 1830 1532 animo
1858 1496 1962 1534 deleo
1994 1498 2127 1535 mulie-

1552 1559 1624 1583 res.
1697 1544 1860 1584 Satietas
1915 1546 1996 1586 me'
2029 1547 2130 1601 capit

1551 1596 1680 1635 harum
1715 1599 1922 1650 vulgarium
1960 1601 2127 1651 pulchri-

1550 1651 1736 1696 tudinum,
1765 1665 1855 1702 quas
1883 1654 2048 1702 quotidie
2070 1656 2125 1692 vi-

1550 1702 1635 1740 dere
1648 1702 1748 1741 licet.
1793 1706 1862 1742 Pa.
1883 1704 1983 1743 Ecce
1996 1716 2123 1746 autem

1549 1755 1704 1792 alterum
1741 1755 1905 1807 (fratrem
1940 1756 2122 1810 Phaedriae

1549 1806 1760 1858 minorem).
1806 1807 1948 1847 Nescio
1965 1811 2055 1861 quid
2074 1812 2123 1850 de

1548 1873 1670 1897 amore
1696 1860 1878 1911 loquitur:
1907 1864 1932 1901 ὁ
1961 1862 2122 1902 infortu-

1547 1921 1675 1950 natum
1687 1926 1812 1951 senem
1823 1913 2043 1962 Lachetem,
2058 1917 2120 1955 cui

1546 1965 1637 2006 tales
1666 1967 1855 2017 contigere
1889 1967 1974 2005 filii*
1993 1981 2120 2007 amore

1546 2017 1702 2068 perditi!
1732 2016 1794 2055 hic
1819 2020 1905 2056 vero
1930 2020 2022 2058 adeo
2042 2022 2121 2060 acri

1545 2078 1582 2107 et
1601 2071 1725 2120 rapido
1749 2072 1901 2122 ingenio
1924 2081 1998 2120 est,
2024 2082 2067 2110 ut
2084 2075 2126 2113 si·

1543 2124 1658 2160 amori
1691 2136 1730 2160 se
1765 2122 1957 2171 dediderit,
2000 2138 2119 2177 nugas

1543 2173 1655 2211 fuisse
1673 2175 1773 2212 dices
1788 2189 1831 2213 ea
1848 2189 1931 2227 quae
1945 2175 2006 2215 ille
2023 2177 2124 2216 alter

1547 2225 1745 2277 (Phaedria)
1775 2226 1879 2274 fecit,
1896 2228 1943 2266 ad
1969 2242 2119 2281 compa-

1540 2280 1720 2316 rationem
1739 2279 1885 2318 illorum
1899 2294 1985 2332 quae
2002 2280 2115 2332 hujus

1544 2330 1741 2382 (Chaereae)
1756 2333 1873 2370 rabies
1888 2335 2117 2376 committet.
2136 2342 2138 2345 ’

1543 2382 1612 2421 Ch.
1630 2383 1686 2421 Ut
1706 2384 1810 2422 illum
1828 2386 1879 2423 dii
1893 2386 2042 2436 deaeque
2055 2401 2114 2426 se·
2171 2419 2174 2421 Α

1539 2449 1626 2473 nem
1650 2437 1793 2475 miseris
1825 2437 1944 2475 modis
1971 2438 2112 2478 interfi-

1539 2490 1652 2535 ciant,
1670 2491 1735 2539 qui
1760 2502 1819 2527 me
1846 2488 1957 2527 hodie
1983 2496 2112 2542 garru-

1537 2540 1642 2578 litate
1669 2541 1736 2579 sua
1760 2542 1946 2580 detinuit!
1974 2555 2113 2594 meque

1539 2593 1650 2630 etiam
1685 2595 1750 2644 qui
1779 2595 1830 2632 ire
1866 2595 2106 2643 cessaverim,

1538 2654 1619 2683 tum
1647 2659 1810 2696 quoque,
1827 2647 1891 2697 qui
1918 2646 2024 2684 illum
2050 2648 2108 2694 vel

1537 2697 1671 2735 tantilli
1688 2697 1853 2744 fecerim,
1873 2707 1917 2736 ut
1933 2711 2019 2737 cum
2040 2700 2111 2741 illo

1535 2762 1733 2789 manerem.
1786 2749 1926 2789 Verum
1956 2749 2107 2794 Parme-

1511 2801 1671 2840 'nonem
1707 2801 1770 2840 hic
1813 2802 1939 2841 video:
1987 2805 2106 2844 salvus

74 2840 233 2896 Modo
268 2845 405 2913 quod
441 2863 608 2898 ames:
650 2845 703 2896 in
727 2848 787 2896 ea
809 2863 861 2897 re
885 2843 1155 2898 utilitatem
1179 2860 1274 2911 ego
1297 2842 1478 2895 faciam
1532 2855 1593 2893 sis.
1636 2855 1705 2892 Pa.
1725 2852 1828 2897 Quid
1843 2865 1884 2893 tu
1902 2857 2016 2893 tristis
2034 2858 2109 2896 es?

210 2924 267 2965 ut
290 2933 557 2985 cognoscas
576 2929 740 2967 meam
760 2935 774 2968 ε

1556 2908 1662 2944 uidve
1673 2915 1748 2945 tam
1757 2908 1923 2946 alacriter
1930 2907 2102 2949 festinas?

1572 2961 1642 2997 nde
1658 2960 1784 2998 venis?
1843 2960 1912 2998 Ch.
1935 2959 2019 3012 Ego
2039 2975 2105 2999 ne·

2 3007 3 3010 ¹
65 3011 147 3052 scio
171 3011 370 3061 mehercle,
396 3028 515 3065 neque
533 3014 634 3053 unde
652 3015 805 3061 veniam,
833 3025 953 3063 neque
971 3011 1015 3050 ad
1033 3025 1142 3063 quam
1164 3020 1307 3063 partem
1328 3025 1407 3049 cam
1424 3026 1433 3048 :
1462 3012 1514 3050 ita
1536 3013 1687 3049 omuino
1706 3013 1898 3050 immemor
1914 3026 1995 3074 sum
2012 3015 2100 3074 mei.

67 3055 138 3102 Ρὶι.
163 3062 404 3116 Cur-quaeso?
463 3066 532 3106 Ch.
559 3066 672 3105 Amo.
724 3068 794 3105 Pa.
822 3065 933 3104 Hem.
992 3065 1060 3103 Ch.
1090 3063 1418 3110 Nunc‚Parmen0‚
1435 3064 1682 3102 demonstrare
1701 3064 1825 3111 debes,
1840 3065 1955 3125 qualis
1970 3067 2024 3102 vir
2038 3079 2101 3102 sis.

0 3141 1 3144 =
68 3112 286 3155 Memineris
305 3127 344 3156 te
362 3132 410 3156 sae
438 3132 459 3156 e
484 3118 575 3157 mihi
593 3120 814 3171 promisisse,
835 3120 919 3156 cum
938 3118 1074 3154 diceres
1089 3117 1110 3154 τ’
1127 3115 1294 3161 Chaerea,
1315 3118 1568 3154 tantummodo
1595 3118 1754 3156 invenias
1782 3116 1971 3155 mulierem
1990 3131 2098 3167 quam

0 3173 19 3215 j
69 3167 190 3207 mea:
220 3170 260 3209 in
278 3170 322 3208 ea
339 3184 379 3209 re
413 3172 544 3218 aelam,
562 3181 605 3210 ut
618 3173 830 3224 experiaris,
845 3179 1068 3222 quantopere
1086 3171 1222 3220 possim
1241 3169 1311 3208 tibi
1329 3182 1407 3206 esse
1424 3170 1547 3207 utilis:

854 3365 1290 3409 ANNOTATIONES.

117 3495 147 3527 1-
170 3488 305 3528 Occidit
358 3490 483 3541 Neque
507 3492 610 3542 virgo
635 3497 687 3530 est
708 3492 892 3544 usquam-J
949 3490 1056 3535 Quia—

61 3552 147 3579 σιω·
157 3542 181 3579 e
193 3554 281 3580 cons
372 3556 397 3581 u
409 3544 593 3583 amiserat.
649 3552 651 3554 ’

0 3596 4 3599 “
109 3601 143 3632 4²
166 3594 239 3632 Uln'
259 3596 321 3633 uhi
333 3601 397 3642 est,
419 3596 484 3634 diu
497 3596 606 3635 celari
622 3608 694 3635 mm
704 3595 865 3651 potest]
910 3594 972 3635 Ob
990 3598 1048 3635 ni-

0 3689 5 3695 ,
31 3667 33 3670 ·
56 3644 309 3688 :informas
320 3647 484 3698 gratiam.

0 3713 4 3719 ·
117 3704 159 3738 11
189 3698 265 3740 Qui
282 3699 702 3754 illumfloccificerim]
768 3699 912 3742 Iudicat
937 3699 1046 3741 Chas-

1095 3488 1161 3530 'rea
1177 3505 1214 3529 se
1229 3487 1540 3535 Archidemidem,
1555 3501 1604 3526 ne
1615 3489 1720 3528 flocci
1735 3491 1883 3542 quidem
1894 3491 2012 3531 facem
2024 3493 2088 3532 de-

1100 3545 1236 3589 buisse,
1269 3552 1312 3580 ut
1342 3555 1532 3579 remanens
1564 3542 1752 3584 desisteret
1783 3545 1805 3582 ὲ
1834 3546 2084 3596 persequentis.

1099 3598 1250 3650 virgine.
1301 3593 1373 3632 Est
1389 3603 1510 3631 autem
1526 3593 1676 3642 floccus,
1693 3596 1788 3634 lanae
1807 3598 1983 3649 particula
2003 3604 2091 3652 quae'

1098 3649 1236 3688 inutilis
1255 3648 1277 3685 a
1291 3646 1422 3686 vellere
1435 3646 1632 3694 divellitur,
1649 3656 1758 3701 atque
1775 3648 1906 3689 evolat.
1965 3648 1969 3654 ’

1484 3748 1560 3789 02
