2314 3944
160 151 268 199 224

157 287 232 333 Do.
262 285 403 326 Mirum
419 295 509 334 erat,
526 286 557 325 si
574 294 617 326 tu
635 284 727 323 mihi

155 341 354 392 quidquam
387 342 491 380 'novi
552 339 729 376 sermonis

154 397 390 448 proponeres.
420 394 491 430 An.
525 391 610 435 Hei,
627 401 729 427 vere-

155 459 201 494 or·
229 457 275 483 ne
302 441 387 484 leno
419 443 558 493 aliquid
582 442 667 480 mali
687 443 727 480 in

155 509 268 551 caput
302 512 408 537 suum
435 505 602 535 arcessat.
659 493 727 533 G'e.

153 549 259 590 Idem
279 565 347 603 ego
361 552 484 587 timeo.
505 549 573 586 Ph..
591 546 728 594 Dorio,

154 617 202 642 an
221 618 295 642 non
323 601 413 639 mihi
440 601 548 639 fidem
580 599 724 639 habes?

152 657 227 696 Do.
273 655 389 693 Recte
419 654 621 703 conjectas:
667 667 727 692 me

153 709 294 747 scilicet
324 708 394 745 tibi
427 708 553 744 eadem
587 707 727 745 centies

148 761 382 814 promittenti
398 760 638 810 nequicquam
649 772 727 797 cre-

150 815 248 852 dere.
293 813 363 851 Ph,
407 811 474 850 Sin
510 812 637 850 fidem*
660 812 727 850 ob-

148 866 255 919 ligo?
313 867 386 904 Do.
419 864 626 903 Mendacia.
654 866 725 903 Ph.

145 917 279 971 Duplo
290 918 434 958 foenore
447 926 723 969 compensatum

144 970 249 1010 istud*
281 973 350 1010 tibi
383 972 608 1010 beneficium
642 980 724 1008 tute

146 1024 335 1063 fateberis.
373 1025 445 1062 Do.
475 1023 584 1062 Mera
617 1024 724 1061 verba

145 1079 228 1117 sine
255 1092 307 1116 re.
360 1078 431 1116 Ph.
467 1076 585 1115 Crede
614 1075 722 1122 mihi,

143 1130 326 1174 laetaberis
369 1138 407 1168 te
446 1129 600 1174 fecisse3
657 1142 723 1180 per

145 1182 364 1230 Herculem,
382 1196 507 1221 verum
527 1183 596 1222 tibi
625 1183 718 1221 dico.

142 1237 219 1275 Do.
263 1236 394 1275 Inania
427 1244 466 1274 et
504 1235 605 1274 fiilsa.
651 1236 719 1273 Ph.

143 1285 218 1328 Fac
237 1291 552 1341 experimentum:
583 1289 616 1326 id
638 1288 721 1327 bre-

140 1344 266 1381 visvest
283 1343 473 1393 temporis,
515 1342 588 1380 Do.
617 1340 720 1380 Idem

142 1409 287 1448 semper
300 1395 391 1434 mihi
403 1396 549 1446 repetis.
576 1395 646 1432 Ph.
659 1393 720 1433 Tu

139 1448 236 1488 mihi
253 1458 446 1503 cognatus,
470 1459 513 1486 tu
531 1456 649 1498 pater,
678 1457 719 1485 tu

139 1503 293 1541 amicus.
348 1502 422 1539 Do.
450 1499 566 1552 Perge
593 1502 719 1546 inepta

139 1555 331 1607 garriendo
350 1567 417 1592 nos
440 1567 600 1591 enecare.
644 1553 716 1592 Pl».

137 1609 294 1647 Adeone
329 1618 371 1645 tu
405 1607 556 1658 ingenio
589 1619 717 1658 aspero

138 1671 179 1700 et
202 1659 424 1712 implacabili
443 1662 505 1705 sis,
525 1667 568 1697 ut
595 1673 716 1714 neque

136 1713 402 1759 misericordia,
442 1725 563 1763 neque
597 1714 716 1764 preci-

90 1767 93 1770 ⁴
136 1768 208 1805 bus
237 1767 346 1805 leniri
369 1775 407 1803 et
435 1765 534 1803 flecti
561 1766 711 1816 possis?

135 1821 213 1861 Do.
253 1819 422 1865 Adeone,
457 1816 635 1866 Phaedria,
663 1819 712 1856 sis

134 1872 441 1918 inconsideratus,
482 1881 520 1909 et
573 1872 714 1909 invere—

134 1926 293 1972 cundus,
312 1934 357 1963 ut
374 1925 512 1962 ornatis
531 1932 569 1961 et
587 1937 714 1976 comp-

134 1980 185 2017 tis
220 1978 338 2017 verbis
373 1990 434 2015 me
465 1977 644 2029 decipere,
675 1986 712 2015 et

134 2031 327 2084 virginem,
342 2045 426 2082 quae
439 2043 521 2068 mea
539 2038 609 2076 est,
622 2029 713 2068 mihi

134 2098 262 2136 capere
290 2093 403 2136 gratis
431 2083 601 2120 coneris?
638 2084 714 2122 An.
738 2114 743 2116 ,

135 2135 315 2176 Phaedriae
339 2137 490 2174 miseret
513 2149 587 2174 me.
643 2136 711 2174 Ph.

135 2189 228 2234 Hei,
256 2203 340 2227 vera
370 2198 473 2236 sunt,
505 2202 588 2239 quae
607 2188 711 2235 dicit,

133 2253 172 2280 et
200 2241 260 2280 his
298 2242 427 2280 cedere
461 2254 585 2290 cogor.
638 2241 711 2280 Ge.

135 2294 262 2338 Quam
279 2305 452 2345 uterque,
481 2293 649 2333 Phaedria
674 2303 712 2332 et

134 2347 271 2395 Dorio,
314 2358 402 2386 sunt
447 2347 709 2396 similes-sui!

133 2415 220 2439 nam
237 2409 282 2440 ut
308 2400 368 2438 ille
389 2393 530 2438 amator
545 2400 708 2451 perditus

135 2464 203 2500 est,
232 2454 284 2492 ita
301 2451 363 2490 hic
392 2465 513 2490 avarus
533 2454 708 2491 sordidus.

133 2508 205 2545 Ph.
224 2507 351 2557 Atque
369 2505 459 2544 illud
475 2519 623 2556 quoque
639 2507 709 2543 mi-

133 2559 173 2597 hi
189 2560 443 2612 gravissimum
458 2567 527 2605 est,
543 2557 613 2596 hoc·
632 2572 708 2596 ma-

134 2612 213 2650 lum
240 2611 333 2651 mihi
360 2621 440 2649 tum
472 2612 707 2662 potissimum

134 2666 334 2711 advenisse,
346 2667 431 2703 cum
445 2662 614 2716 Antipho
633 2678 708 2701 non

135 2718 306 2756 dissimili
346 2718 434 2755 cura
472 2727 509 2755 et
539 2711 708 2756 molestia

132 2781 368 2822 premeretur.
420 2771 494 2808 An.
531 2770 586 2810 At
620 2770 709 2820 quid

131 2823 230 2862 istud
258 2831 384 2861 autem
413 2833 480 2870 est,
508 2821 705 2861 Phaedria?

133 2877 205 2915 Ph.
235 2874 272 2914 O
294 2875 579 2914 fortunatissime
597 2876 707 2913 Anti-

134 2927 238 2981 pho!
265 2928 339 2966 An,
358 2926 517 2979 Egone?
538 2930 608 2966 Ph.
628 2928 706 2972 Qui

134 2983 288 3020 amicam
317 2981 469 3027 duxisti,
498 2990 535 3018 et
555 2995 706 3019 uxorem

132 3035 234 3085 domi
273 3034 459 3086 possides:
491 3030 574 3070 ⁴nec
613 3048 705 3086 opus

130 3101 295 3138 unquam
313 3086 385 3125 fuit
401 3099 487 3124 cum
514 3085 706 3136 hujusmo-

130 3140 167 3177 di
184 3141 279 3178 malo
303 3153 478 3191 pugnare.
507 3141 581 3177 An.
602 3138 702 3176 Mihi

131 3194 231 3231 domi
242 3194 393 3230 amicam
405 3191 591 3245 possideo?
601 3193 705 3242 quin-

130 3246 222 3292 imo,
261 3246 360 3296 quod
400 3246 510 3297 vulgo
543 3245 697 3290 dicitur3

131 3298 293 3337 Auribus
307 3308 418 3336 teneo
435 3299 564 3350 lupum
580 3312 588 3334 :
618 3311 702 3336 nam

126 3363 248 3402 neque
276 3351 462 3402 quomodo
487 3364 568 3388 eam
595 3350 617 3388 a
643 3364 703 3388 me

127 3403 311 3442 dimittam
331 3405 487 3455 reperio,
512 3417 633 3453 neque
659 3415 703 3442 ut

763 140 819 192 P.
853 131 1200 190 TERENTII
1236 133 1498 191 PHORM
1500 139 1592 192 10.

782 277 888 331 Do.
923 278 1164 343 Mirabar,
1189 275 1230 326 si
1253 285 1307 326 tu
1331 277 1460 328 mihi
1478 278 1749 347 quidquam
1772 279 1973 332 afferres
1997 281 2129 333 novi.
2162 284 2206 337 5,

781 351 878 402 An.
914 349 1036 413 Hei,
1063 358 1234 400 metuo
1258 350 1516 411 lenonem,
1540 366 1603 400 ne
1631 350 1750 419 quid
1772 370 1867 403 suo
1886 359 1997 402 suat
2027 352 2204 421 capiti.

925 421 1018 471 Ge.
1047 420 1179 471 idem
1206 437 1300 487 ego
1325 432 1509 471 metuo,
1559 461 1562 464 .
1802 446 1806 451 ·
2195 470 2207 479 ὁ

781 493 881 544 Ph.
940 491 1060 560 Non
1108 491 1235 542 mihi
1275 487 1470 541 credis?
1529 489 1635 541 Do.
1675 490 1934 546 hariolare.
1969 494 2087 546 Ph.
2120 494 2201 547 sin

922 561 1074 614 fidem
1100 564 1183 614 de.
1225 562 1323 621 Do.
1352 562 1550 612 fabulae.
2196 586 2202 596 *-

782 635 883 686 Ph.
907 634 1230 685 Foeneratum
1257 633 1386 684 istuc
1410 631 1714 683 beneficium
1738 631 1830 685 tibi
1851 635 2201 703 pulcrediceS.

922 705 1027 757 D'o.
1066 705 1185 773 logi.
1518 703 1539 729 ‘¹
1570 703 1573 705 ’
1946 731 1949 734 <
2068 715 2072 725 “

780 777 878 828 Ph.
937 776 1095 828 Crede
1137 775 1279 837 mihi,
1322 775 1562 842 gaudebis
1600 777 1765 827 facto:
1814 791 2005 829 verum>
2026 778 2195 832 hercle

922 848 1019 899 hoc
1043 856 1146 899 est.
1171 847 1278 899 Do.
1301 847 1512 898 somnia.
1968 855 1971 859 ’
2006 879 2029 905 ·.
2060 867 2063 872 ¹

781 918 885 971 Ph.
926 919 1197 988 Experire3
1239 936 1340 968 non
1367 931 1440 971 est
1472 920 1702 987 longum.
1756 917 1874 970 Du..
1901 915 2200 974 dantilenam

921 992 1127 1048 eandem
1152 990 1304 1041 canis·
2015 1039 2017 1042 .
2059 995 2072 1003 ”
2133 999 2206 1048 10,

778 1061 880 1112 Ph.
917 1062 997 1112 Tu
1036 1061 1162 1112 mihi
1188 1069 1445 1129 cognatuS,
1470 1074 1525 1112 tu
1549 1078 1742 1130 parenS,
1765 1068 1821 1111 tu
1846 1060 2056 1114 amicus·
2089 1062 2194 1116 Do.

917 1133 1047 1200 garri
1075 1132 1242 1184 modo.

776 1203 881 1256 Ph.
907 1204 1098 1255 Adeon'
1122 1203 1324 1271 ingenio
1344 1221 1446 1254 esse
1466 1212 1515 1253 te
1537 1202 1662 1254 duro
1675 1206 1825 1271 atque
1850 1203 2164 1267 inexorabili,

776 1274 848 1326 Ut
893 1293 1055 1344 neque
1108 1274 1462 1339 misericordie,
1510 1291 1672 1344 neque
1731 1275 1964 1343 precibus
2007 1274 2203 1331 molliri

917 1365 1065 1415 queas
1085 1347 1103 1397 ?
2055 1374 2058 1378 ·

775 1415 883 1469 Do.
924 1418 1116 1468 Adeon’
1136 1427 1196 1478 ,te
1221 1434 1324 1468 esse
1356 1416 1717 1485 incogitantem
1751 1425 1902 1486 atque
1925 1417 2203 1488 impudem,

914 1501 1034 1552 tem,
1060 1489 1305 1557 Phaedria,

773 1558 846 1610 Ut
887 1560 1154 1628 phaleratis
1193 1559 1338 1611 dictis
1370 1558 1531 1611 ducas
1569 1576 1670 1623 me,
1717 1570 1768 1610 et
1809 1576 1978 1611 meam
2021 1558 2199 1614 ductes⁴

911 1632 1114 1699 gratiis?
1458 1626 1461 1674 s
2046 1669 2055 1698 ,ἶ
2130 1634 2192 1681 15

770 1702 863 1753 An.
905 1703 1191 1754 Miseritum
1241 1711 1331 1755 est.
1393 1702 1492 1754 Ph.
1532 1701 1634 1753 hei,
1657 1701 1782 1752 veris
1819 1701 2010 1754 vincor.
2089 1701 2196 1756 Ge..

909 1777 1059 1842 quam
1086 1774 1262 1826 similis
1286 1784 1493 1842 uterque
1518 1784 1590 1823 est
1611 1773 1686 1824 sui
1707 1772 1718 1824 l

767 1844 866 1895 ΡΙι.
903 1845 1102 1914 Neque,
1122 1845 1220 1896 alia
1243 1845 1470 1914 Antipho
1494 1846 1611 1895 cum
1645 1852 1916 1912 occupatus
1939 1850 2066 1895 esset
2086 1843 2187 1895 sol-

907 1917 1185 1980 licitudine,
2048 1940 2054 1965 ;

763 1986 898 2038 Tum
925 2005 1028 2038 esse
1048 1988 1146 2038 hoc
1179 1988 1250 2038 mi
1275 1985 1526 2054 objectum
1556 1986 1781 2038 malum?
1820 1984 1917 2036 An.
1940 1983 2032 2048 ah,
2062 1984 2186 2054 quid

906 2058 1032 2110 istuc
1057 2069 1222 2109 autem
1251 2069 1338 2121 est,
1368 2057 1630 2109 Phaedria?

766 2130 866 2181 Ph.
904 2130 954 2179 Ο
978 2129 1366 2181 fortunatissime
1405 2127 1661 2197 Antipho!
1721 2128 1818 2180 An.
1839 2144 2001 2196 egone
2020 2127 2047 2191 ἓ,
2078 2126 2183 2181 Ph.

908 2201 989 2251 cui
1016 2200 1149 2269 quod
1175 2218 1326 2263 amas,
1352 2199 1488 2251 domi
1514 2210 1612 2252 est:

764 2271 876 2323 Nec
909 2290 1025 2323 cum
1066 2270 1352 2339 hujusmodi
1393 2289 1615 2340 unquam
1650 2288 1766 2322 usus
1804 2269 1942 2322 venit
1966 2279 2022 2323 ut
2062 2290 2185 2324 con-

904 2343 1115 2395 flictares
1137 2345 1284 2394 malo.
2046 2390 2050 2394 ,
2118 2349 2188 2396 20

759 2416 856 2467 Αη.
893 2414 1082 2466 Mihin’
1103 2414 1340 2466 domt'st?
1380 2414 1539 2465 immo
1565 2413 1614 2465 id
1639 2413 1777 2484 quod
1797 2413 1955 2478 aiunt,
1979 2415 2184 2468 auribus

903 2494 1042 2537 teneo
1067 2487 1233 2556 lupum
1253 2505 1270 2537 .·
1772 2490 1775 2497 '
2181 2537 2186 2555 ;

751 2557 895 2609 'Nam
937 2576 1100 2626 neque
1143 2575 1245 2626 quo
1287 2556 1534 2623 amittam,
1572 2561 1602 2607 a
1643 2574 1726 2608 me
1763 2555 1982 2622 invenio,
2018 2574 2186 2628 neque

901 2631 976 2679 uti
1003 2629 1261 2691 retineam,
1286 2628 1405 2680 scio.

758 2699 864 2752 Do·
902 2700 1073 2769 Ipsum
1116 2701 1242 2751 istuc
1291 2698 1419 2750 mihi
1468 2698 1520 2750 in
1562 2698 1660 2750 hoc
1696 2709 1785 2751 est.
1856 2699 1953 2751 An.
1989 2698 2082 2768 eja,
2118 2716 2182 2751 ne

905 2774 1079 2839 parum
1102 2774 1218 2823 leno
1237 2771 1344 2823 sies.
1746 2824 1748 2826 ,

753 2843 1024 2910 'Numquid
1052 2843 1135 2895 hic
1170 2842 1420 2894 confecit?
1462 2842 1561 2893 Ph.
1597 2840 1831 2894 hiccine?
1869 2841 2003 2911 quod
2027 2841 2181 2892 homo

903 2914 1364 2977 inhumanissimuS,

758 2984 1076 3053 Pamphilam
1117 3003 1281 3036 meam
1319 2983 1561 3036 vendidit.
1604 2984 1694 3034 Ge.
1722 2982 1879 3051 quid‘?
1918 2980 2175 3033 vendidit?

897 3057 993 3108 An.
1018 3056 1118 3107 ain’
1142 3056 1398 3107 vendidit?
2108 3057 2176 3105 25

758 3126 858 3178 Ph.
894 3122 1147 3178 Vendidit.
1190 3126 1293 3179 Do,
1333 3128 1480 3195 quam
1508 3124 1770 3193 indignum
1792 3124 2001 3190 facinus,
2018 3122 2180 3176 auen-‘-

898 3200 1000 3250 lam
1026 3216 1123 3249 aere
1148 3205 1370 3266 emptam
1395 3215 1485 3248 suo
1509 3195 1518 3246 1

759 3269 856 3321 Ph.
896 3269 1109 3338 Nequeo
1133 3286 1349 3330 exorare,
1374 3279 1430 3318 ut
1473 3284 1555 3318 me
1592 3276 1808 3332 maneat,
1846 3277 1897 3319 et
1931 3266 2020 3319 illo
2055 3282 2174 3317 cum

895 3351 953 3391 ut
978 3349 1139 3391 mutet
1162 3338 1333 3403 fidem,

127 3456 221 3493 mihi
240 3470 378 3494 servare
396 3458 531 3507 possim
551 3458 640 3494 scio.
674 3457 741 3494 Do.
757 3454 897 3494 Similis
915 3467 970 3492 res
995 3452 1086 3492 mihi
1106 3455 1260 3501 contigit
1276 3467 1360 3492 cum
1388 3452 1564 3492 Phaedria.
1602 3456 1675 3493 An.
1694 3455 1791 3494 Cave
1807 3468 1852 3493 ne
1872 3454 1999 3505 parum
2019 3463 2057 3492 te
2069 3453 2175 3492 leno·

127 3521 213 3546 nem
232 3519 394 3559 praestes.
447 3507 560 3551 Quod
579 3509 663 3546 verb
681 3511 872 3560 negotium
900 3506 962 3546 hic
979 3506 1099 3546 Dorio
1124 3505 1301 3557 perfecit?
1333 3508 1399 3545 Ph.
1421 3507 1580 3546 Hiccine
1599 3509 1686 3560 quid
1703 3509 1869 3562 gesserit,
1886 3507 2043 3559 quaeris?
2074 3503 2173 3557 quod

128 3559 241 3598 homo
258 3561 528 3599 crudelissimus
553 3562 669 3613 possit
686 3559 828 3600 facere:
857 3562 1010 3598 amicam
1031 3573 1148 3598 meam
1173 3557 1399 3610 Pamphilam
1428 3561 1603 3598 vendidit.
1631 3561 1699 3598 Ge.
1718 3560 1851 3603 Quid?
1882 3559 2041 3596 vendidit
2053 3555 2075 3596 ἶ
2098 3557 2174 3594 An.

128 3612 232 3665 itane
249 3614 263 3650 ?
294 3614 483 3652 vendidit?
515 3615 583 3652 ΡῘι.
605 3611 800 3653 Vendidit.
821 3614 893 3652 Do.
913 3611 1037 3656 Quam
1063 3612 1160 3650 istud
1177 3612 1312 3663 grande
1334 3613 1452 3651 scelus
1476 3622 1547 3659 est,
1572 3613 1730 3660 scilicet,
1745 3612 1951 3651 Dorionem
1969 3609 2173 3657 vendidisse

125 3678 261 3704 servam
281 3679 389 3715 quarn
410 3668 567 3716 pecunia
585 3667 651 3704 sua
669 3667 901 3717 acquisierit!
933 3667 1003 3703 Ph.
1028 3655 1119 3704 Non
1143 3677 1294 3718 possum
1311 3665 1358 3705 ab
1377 3678 1423 3705 eo
1441 3666 1651 3719 impetrare,
1670 3675 1712 3706 ut
1736 3664 1807 3706 hos
1821 3674 1895 3705 tres
1907 3664 1984 3704 dies
2002 3669 2170 3715 expectet

125 3732 200 3767 me,
220 3728 258 3756 et
272 3718 378 3756 fidem
397 3718 497 3758 stallat
510 3720 697 3761 discedens
715 3719 737 3759 a
754 3719 982 3767 venditione,
