2314 3944
58 3846 60 3848 ,
131 3806 344 3860 scripturam
361 3807 449 3847 dari.

749 207 1005 272 ‘Aeros
1039 168 1135 271 vs
1173 168 1406 271 scENA
1433 213 1559 272 vn.

123 354 350 430 Invitum
365 378 496 424 eam,
518 360 690 430 inque.
724 360 829 414 De.
848 361 958 413 tum
984 370 1154 413 autem
1177 359 1323 412 video
1339 361 1504 414 filium

123 434 348 500 Invitum
370 434 489 484 sane
515 433 780 484 mulierem
805 434 868 485 ab
893 451 944 484 se
968 433 1214 486 amittere.

123 497 226 557 Sed
249 498 402 555 transi
424 503 564 555 sodes
585 503 647 554 ad
668 505 851 568 forum,
874 514 1023 572 atque
1048 503 1174 554 illud
1197 497 1325 554 mihi

121 576 403 645 Argentum
419 573 548 645 jube
573 593 767 626 rursum
793 575 1012 639 rescribi,
1035 573 1289 626 Phormio,

123 635 225 698 Ph.
248 642 250 645 ’
285 645 504 702 Quodne
553 664 647 715 ego
694 646 956 716 perscripsi
1003 646 1149 715 porro
1199 645 1315 709 illis,
1363 644 1544 714 quibus

148 765 154 770 .
267 716 452 768 debui?
867 782 870 784 ι
1475 722 1548 768 30

126 781 235 857 De.
267 786 408 843 Quid
431 788 586 857 igitur
602 789 721 841 fiet?
763 789 862 842 Ph.
886 787 925 839 si
946 786 1018 838 vis
1037 787 1164 840 mihi
1184 804 1393 838 uxorem
1414 787 1546 852 dare,

123 858 297 914 Quam
323 860 645 928 despondisti‚
670 861 854 921 ducam
877 881 889 911 :
925 859 1002 910 sin
1021 869 1111 923 est,
1134 870 1191 910 ut
1213 858 1334 909 velis

78 924 89 931 '⁸
121 928 338 982 Manere
357 931 493 1001 apud
515 941 566 983 te
590 932 748 995 illam,
772 931 857 982 hic
882 931 968 982 dos
995 941 1211 993 maneat,
1234 928 1495 998 Demipho
1508 929 1529 981 ε’

123 999 261 1065 Nam
290 1020 391 1055 non
416 1012 490 1054 est
511 1021 709 1073 aequom
738 1021 820 1054 me
844 1011 1046 1071 propter
1068 1020 1152 1052 vos
1172 1001 1340 1070 decipi
1352 1019 1368 1063 3

125 1071 259 1123 Cum
286 1091 382 1142 ego
401 1074 548 1126 vestri
567 1074 768 1125 honoris
794 1076 982 1136 caussa,
1004 1072 1272 1141 repudium
1297 1071 1440 1124 alteri
1475 1076 1544 1123 35

123 1143 445 1214 Remiserim,
465 1151 579 1214 quae
602 1144 897 1196 tantundem
917 1143 1044 1195 dotis
1064 1143 1229 1195 dabat.

124 1209 234 1268 De.
266 1213 370 1267 I'in
390 1215 574 1267 malam
596 1233 702 1266 rem
719 1214 840 1265 hinc
867 1216 983 1265 c'um
1004 1214 1128 1266 istac
1153 1213 1547 1283 magnificentia,

124 1285 389 1356 Fugitive:
427 1286 582 1338 etiam
606 1304 743 1337 nune
765 1286 923 1337 credis
946 1296 998 1337 te
1016 1285 1305 1354 ignorarier,

123 1357 234 1411 Aut
266 1366 363 1479 ‹tiua-
387 1352 536 1432 facta
560 1357 718 1409 adeo?
773 1357 872 1409 Ph.
911 1357 1091 1409 irritor.
1128 1356 1232 1422 De,
1268 1366 1391 1409 tune
1415 1357 1550 1409 hanc

304 1445 491 1493 ucereS,

124 1497 183 1550 Si
204 1497 301 1550 tibi
323 1500 439 1551 data
461 1508 587 1560 esset
606 1499 624 1551 ?
665 1499 765 1552 Ph.
786 1500 866 1552 fac
884 1498 1150 1569 periclum.
1187 1497 1289 1551 De.
1313 1507 1371 1550 ut
1393 1497 1526 1550 filius

126 1570 261 1622 Cum'
286 1570 375 1622 illa
395 1569 590 1622 habitet
627 1571 762 1643 apud
793 1580 861 1638 te,
898 1571 996 1623 hoc
1027 1581 1244 1623 vestrum
1282 1569 1551 1623 consilium

268 1638 382 1694 fu'it.
1480 1650 1547 1696 41

127 1713 229 1783 Pl}-
267 1713 473 1783 Quaeso,
512 1710 634 1783 quid
670 1714 871 1766 narras?
915 1710 1015 1766 De.
1055 1712 1180 1784 quin
1214 1722 1287 1765 tus
1308 1711 1437 1766 mihi
1472 1731 1552 1765 ar-

159 1783 171 1790 ”
267 1795 482 1852 gentum
507 1785 650 1837 cedo.
891 1814 894 1817 ·

128 1854 230 1908 Ph.
265 1856 380 1908 Imo
404 1856 522 1926 vero
538 1874 748 1908 uxorem
765 1864 822 1907 tu
847 1857 987 1908 cedo.
1023 1855 1125 1908 De.
1151 1855 1206 1908 in
1224 1855 1306 1926 jus
1328 1856 1548 1910 ambula.

126 1927 230 1979 Ph.
249 1922 312 1978 Iri
331 1925 445 1997 jus?
485 1927 743 1979 enimvero
767 1927 808 1978 si
832 1929 979 1996 porro
1004 1945 1107 1979 esse
1130 1927 1288 1979 odiosi
1306 1926 1529 1996 pergitis,

129 1997 230 2051 De.
270 1997 412 2065 Quid
449 1997 638 2068 facies?
685 1999 786 2050 Ph.
820 1999 1014 2067 egone?
1072 2016 1156 2050 vos
1195 2016 1278 2051 me
1317 1998 1552 2050 indotatis

174 2105 179 2140 3
271 2069 424 2138 modo
1481 2076 1549 2122 45

127 2120 442 2193 Patrohinari
466 2140 668 2193 fortasse
691 2141 1003 2194 arbitramini
1023 2164 1036 2195 ε

127 2211 304 2264 Etiam
323 2206 501 2264 dotatis
519 2213 673 2264 sole0.
707 2212 800 2267 Ch.
823 2214 942 2283 q'uid
964 2213 1015 2264 id
1035 2213 1226 2264 nostrA?
1265 2213 1366 2267 Ph.
1388 2212 1550 2278 nihil?

130 2278 240 2336 Hic
261 2283 732 2353 quandam'noram,
755 2285 897 2355 eujus
920 2284 996 2336 vir
1014 2302 1242 2337 uxorem.
1286 2283 1377 2337 Ch.
1403 2285 1518 2336 hem
1540 2283 1550 2336 !

154 2351 160 2363 ¹
271 2354 376 2411 De.
403 2354 525 2427 quid
549 2355 656 2405 est?
758 2359 761 2362 ⁴

128 2425 237 2480 Ph.
274 2425 463 2479 Lemni
484 2424 664 2477 habuit
685 2425 855 2478 aliam.
901 2425 992 2479 Ch.
1015 2429 1182 2479 nullus
1202 2445 1331 2480 sum.
1368 2426 1468 2478 Ph.
1489 2444 1551 2478 ex

55 2499 60 2506 “
270 2501 372 2568 qua
393 2497 550 2550 filiam
1479 2498 1549 2550 49

2065 226 2168 279 245

1596 375 1678 401 eam
1720 360 1743 401 a
1777 375 1818 401 se
1850 361 2026 404 abstrahi.
2098 339 2193 410 Ded

1524 453 1526 457 Α
1594 414 1631 453 T
1631 429 1694 454 um
1735 427 1858 456 autem
1901 417 2021 457 filium
2063 421 2172 460 video

1560 476 1563 478 ’
1597 469 1834 520 impatienter
1862 479 1901 508 et
1923 484 2002 509 non
2019 473 2090 510 nisi
2108 486 2173 511 co-

1596 533 1719 559 actum
1737 521 1846 569 ferre,
1863 524 2056 563 mulierem
2083 525 2106 564 ὲ
2130 538 2173 566 se

1597 572 1772 612 abstrahi.
1825 573 1901 614 Sed
1930 586 2174 626 transeamus,

1598 639 1736 676 quaeso,
1764 627 1812 667 ad
1827 627 1958 676 forum,
1981 628 2174 679 Phormio,

1598 687 1637 715 et
1652 680 1804 730 triginta
1831 681 1911 720 illas
1933 684 2065 731 minas,
2082 697 2175 735 quas

1598 731 1668 769 tibi
1699 733 1796 780 dedi,
1808 734 1901 783 jube
1928 734 2022 780 mihi
2051 736 2098 775 ab
2116 750 2174 775 ar-

1625 786 1772 823 entariis
1811 790 2048 827 renumerari.
2100 789 2172 828 Ph.

1597 798 1698 876 illud
1729 839 1827 889 petis
1865 852 2058 892 argentum
2097 842 2172 880 tibi

1597 891 1714 939 reddi,
1768 892 1868 942 quod
1928 894 2172 933 creditoribus

1598 945 1690 982 meis
1718 957 1784 996 per
1806 945 2022 995 scripturam
2042 961 2174 997 argen-

1598 998 1774 1035 tariorum
1788 997 1954 1036 reddidi?
1986 1000 2055 1037 De.
2068 996 2174 1044 Quid

1598 1050 1712 1100 igitur
1741 1048 1811 1088 hac
1837 1063 1877 1089 re
1907 1051 1998 1089 fiet?
2039 1053 2110 1091 Ph.
2130 1051 2175 1093 Si

1598 1103 1650 1140 vis
1664 1116 1815 1141 uxorem
1830 1102 1923 1142 mihi
1945 1104 2043 1150 dare,
2061 1119 2174 1157 quam

1600 1155 1842 1208 spopondisti,
1895 1170 1976 1195 eam
2019 1158 2172 1206 ducam3

1599 1209 1663 1246 sed
1681 1209 1712 1246 si
1730 1210 1859 1247 statuis
1885 1219 1931 1248 ut
1954 1222 2083 1261 sponsa
2114 1212 2177 1250 illa

1600 1262 1698 1313 apud
1724 1270 1762 1300 te
1777 1271 1938 1310 maneat,
1953 1263 2019 1302 dos
2033 1263 2098 1303 illa
2110 1265 2177 1304 tri·

1601 1315 1707 1365 ginta
1736 1316 1934 1362 minarum,
1965 1328 2075 1367 quam
2107 1330 2178 1369 pro

1603 1367 1666 1405 illa
1683 1365 1777 1406 mibi
1807 1367 1972 1416 dedistis,
1990 1369 2089 1421 apud
2115 1382 2178 1408 me

1602 1420 1779 1467 manebit,
1789 1418 2002 1472 Demipho:
2021 1435 2106 1460 nam
2118 1423 2178 1462 in-

1601 1474 1730 1524 iquum
1760 1481 1824 1511 est=
1844 1482 1995 1526 propter
2023 1488 2088 1514 vos
2117 1488 2180 1514 me
2202 1493 2206 1500 2

1602 1526 1776 1564 damnum
1794 1526 1869 1578 pati
1883 1543 1895 1573 ς
1925 1537 1964 1564 et
1980 1529 2090 1566 vestri
2106 1525 2179 1566 ho-

1604 1580 1703 1617 noris
1733 1580 1841 1618 causa
1875 1578 1970 1618 mihi
2013 1579 2179 1620 fraudem

1603 1645 1697 1679 esse,
1724 1632 1756 1669 si
1783 1631 1933 1670 altemm
1964 1633 2181 1686 repudiave-

1603 1685 1691 1735 rim,
1725 1698 1809 1735 quae
1836 1685 2016 1724 tantidem
2047 1686 2180 1726 dotem

1604 1736 1699 1775 mihi
1715 1737 1902 1776 afferebat.
1940 1738 2012 1777 De.
2038 1737 2115 1777 Abi
2140 1740 2182 1778 in

1604 1790 1750 1829 malam.
1781 1803 1926 1830 crucem
1968 1800 2082 1830 cum&
2107 1792 2182 1832 ist&⁴

1604 1842 1878 1895 magnificentia
1888 1843 2095 1891 verborum,
2107 1845 2182 1895 qu&

1604 1896 1666 1934 ais
1689 1905 1817 1934 nostro
1847 1895 1979 1935 honori
2009 1897 2183 1936 consulu-

1605 1949 1690 1996 isse,
1709 1948 1884 2000 fugitive:
1913 1949 2073 1988 etitnnne
2101 1963 2182 1989 cre-
2202 1986 2206 1989 t

1605 2002 1659 2040 dis
1679 2015 1746 2040 nos
1765 2002 1877 2040 latere
1893 2003 1958 2054 qui
1970 2004 2034 2050 sis,
2043 2012 2083 2042 et
2096 2017 2183 2054 quae
2200 2029 2203 2036 ι

1604 2054 1724 2093 facere
1731 2057 1987 2094 consueveris?
2008 2056 2078 2094 Ph.
2089 2055 2183 2094 Rin-
2199 2075 2204 2091 .-

1605 2122 1672 2159 gor
1689 2108 1955 2160 indignatione.
2000 2109 2073 2148 De.
2100 2108 2206 2148 Au·>

1606 2162 1759 2199 dei-esne
1794 2175 1874 2199 eam
1918 2174 2072 2199 uxorem
2113 2162 2206 2199 du·-v

1606 2227 1702 2261 cere,
1719 2215 1750 2252 si
1770 2214 1837 2252 tibi
1851 2213 2079 2253 traderetur?
2110 2215 2183 2253 Ph.
2206 2236 2208 2239 ·

1605 2265 1797 2319 Experire.
1812 2267 1817 2270 ’
1833 2267 1906 2305 De.
1941 2265 2028 2304 Hoc
2059 2266 2182 2305 solum

1605 2329 1826 2358 convenerat
1851 2322 1947 2358 inter
1972 2333 2050 2366 vos,
2069 2330 2113 2358 ut
2140 2321 2202 2358 in'

1605 2374 1679 2411 tuis
1696 2373 1836 2411 aedibus
1865 2373 1961 2410 filius
1993 2386 2098 2410 meus
2114 2371 2182 2410 ha-

1604 2425 1700 2464 bitet
1725 2439 1811 2464 cum
1847 2426 1924 2471 iila,
1959 2438 2033 2462 non
2053 2434 2098 2463 ut
2123 2425 2183 2476 ip·

1603 2493 1680 2519 sam
1696 2492 1763 2530 pro
1780 2491 1891 2517 uxore
1910 2477 2076 2515 haberes.
2106 2478 2179 2517 ΡΙι.
2203 2506 2208 2514 ,

1602 2531 1756 2577 Quaem,
1795 2532 1877 2569 vide
1917 2531 2028 2581 quam
2067 2530 2182 2567 stulta

130 2587 335 2627 memoras!
366 2588 437 2626 De.
457 2587 562 2632 Quin
575 2596 620 2626 tu
635 2597 830 2640 argentum
843 2588 940 2628 mihi
959 2589 1078 2627 redde.
1106 2589 1176 2628 Ph.
1190 2587 1272 2627 Imo
1290 2590 1388 2635 verb,
1406 2598 1448 2626 tu
1466 2587 1574 2624 redde
1594 2597 1760 2624 uxorem.
1790 2584 1858 2622 De.
1877 2582 1922 2621 In
1932 2584 1996 2633 jus
2021 2591 2059 2620 te
2076 2595 2182 2622 voco.

128 2642 200 2681 Ph.
217 2639 358 2691 Injus?
390 2642 432 2680 Si
451 2641 621 2693 equidem
640 2641 794 2679 ulterius
812 2642 904 2680 mihi
922 2643 1067 2680 molesti
1093 2643 1196 2680 estis.
1225 2643 1296 2680 De.
1309 2641 1412 2684 Quid
1426 2640 1563 2678 facies?
1593 2639 1661 2677 ΡΙι.
1677 2637 1834 2686 Egone?
1865 2650 1928 2674 vos
1943 2649 2003 2673 me
2021 2637 2182 2687 patroci-

131 2694 237 2732 nium
265 2703 304 2731 et
331 2693 593 2732 defensionem·
607 2693 728 2731 solnm
759 2694 909 2732 fortasse
937 2696 1118 2746 virginum
1143 2708 1225 2745 quae
1242 2696 1321 2732 sine
1349 2693 1436 2732 dote
1453 2703 1555 2738 sunt,
1574 2691 1691 2743 qualis
1709 2687 1892 2727 Phanium
1908 2698 1977 2734 est,
1995 2689 2181 2739 suscipere

130 2746 331 2811 opinamini
347 2762 356 2784 :
385 2749 496 2786 etiam
514 2745 614 2784 soleo
631 2746 846 2785 mulieribus
864 2749 999 2786 dotatis
1013 2761 1123 2798 opem
1140 2747 1316 2798 praebere.
1347 2747 1416 2784 Ch.
1435 2744 1538 2787 Quid
1556 2743 1625 2782 hoc
1646 2743 1769 2780 nostra
1783 2740 1890 2802 refert
1906 2742 1921 2778 ?
1951 2741 2022 2802 Ph:
2042 2739 2179 2802 Nihil?

129 2797 193 2845 hic
209 2812 379 2837 noveram
393 2800 483 2838 olim
500 2799 698 2850 quandam,
714 2799 818 2848 cujus
835 2802 890 2838 vir
906 2814 1070 2839 uxorem.
1101 2800 1171 2839 Ch.
1191 2799 1291 2838 Hem
1307 2801 1318 2838 l
1347 2800 1417 2837 De.
1437 2797 1542 2851 Quid
1559 2798 1637 2835 est?
1668 2795 1738 2834 Plz.
1756 2793 1890 2833 Lemni
1908 2793 2041 2832 habuit
2059 2793 2181 2833 allam.

134 2848 204 2892 Ch.
217 2847 327 2891 Perii.
354 2853 425 2892 Ph.
443 2851 502 2892 Ex
520 2852 593 2905 qua
610 2851 722 2890 filiam
734 2853 879 2904 genuit,

981 2951 1319 3018 'ANNoTA'rlo

184 3079 235 3112 29
261 3071 360 3111 Jube
383 3085 530 3113 rursum
550 3072 723 3123 rescribi]
779 3072 939 3112 Scribere
957 3085 1128 3111 nummos

132 3124 306 3162 dicuntur
336 3126 531 3164 creditores
551 3127 817 3178 pecuniarum,
848 3126 984 3176 quibus
1017 3127 1129 3163 moris

131 3187 224 3224 erat,
255 3185 299 3214 ut
329 3178 367 3214 in
387 3180 687 3230 argentariorum,
706 3179 803 3232 apud
833 3191 926 3230 quos
954 3180 1139 3229 pecunias

131 3241 214 3266 suas
232 3228 468 3277 collocarunt,
484 3230 619 3270 tabulis
638 3245 838 3283 expensum
849 3231 959 3269 alicui
978 3230 1129 3278 ferrent,

131 3291 170 3318 et
187 3282 393 3334 argentario
407 3283 445 3320 id
462 3295 597 3321 nomen
610 3283 803 3323 dictarent.
855 3282 1033 3322 Horatius
1049 3298 1058 3322 :

1234 3072 1406 3111 Putidius
1444 3068 1562 3109 m'ullb

1286 3125 1414 3162 Perilli

131 3385 255 3423 Scribe
265 3387 382 3424 decem
396 3387 419 3424 ἃ
438 3387 571 3425 Nerio.-
591 3400 664 3425 non
678 3395 728 3427 est
747 3389 860 3428 satis:
882 3391 972 3429 adde
987 3387 1130 3429 Cicutae

132 3439 269 3476 Nodos&
286 3441 429 3478 tabulas
443 3446 595 3478 centum.

1601 3069 1780 3108 cerebrum
1821 3071 1887 3112 est,
1936 3066 2026 3103 milti
2065 3064 2180 3110 crede,
2257 3068 2259 3070 ’

1236 3177 1438 3224 Dictancis,
1461 3176 1556 3227 quod
1573 3181 1612 3212 tu
1631 3185 1820 3223 nunquam
1839 3171 2022 3209 rescribere
2035 3168 2163 3220 possis.

1181 3281 1396 3321 Rescribere
1414 3289 1471 3318 est
1496 3287 1669 3319 mutuum
1702 3290 1767 3328 per
1794 3278 2007 3326 scripturam
2039 3284 2186 3311 mensn-

1179 3336 1344 3382 reddere,
1373 3336 1456 3372 cum
1495 3333 1667 3370 mandato
1702 3329 1889 3373 debitoris,
1919 3329 1984 3377 qui
2025 3326 2210 3376 pecudi·-

1181 3402 1239 3426 am
1267 3393 1370 3426 suam
1403 3386 1499 3437 apud
1524 3397 1686 3421 mensam
1714 3383 1945 3432 deposuerat,
1962 3380 2179 3422 mensam-ius,

1179 3443 1255 3478 sive
1296 3441 1521 3485 argentarius
1566 3436 1703 3473 serebat
1759 3443 1951 3483 accepmm
1996 3431 2183 3469 creditori.

1181 3490 1381 3532 Scien'dum
1417 3500 1487 3537 est,
1520 3498 1660 3525 veteres
1691 3486 1787 3538 apud
1820 3497 1983 3522 mensam
2009 3496 2181 3536 magnam

132 3542 334 3581 Rescribere
350 3543 538 3582 dicebatur
555 3544 720 3589 debitor3
749 3547 812 3597 qui
833 3554 997 3584 mutuam
1016 3560 1130 3598 pecu-

134 3597 232 3633 niam
247 3595 420 3634 reddebat
434 3597 489 3632 vcl
508 3610 573 3648 per
591 3611 645 3644 se,
659 3599 715 3636 vel
731 3611 795 3649 per
808 3600 1002 3650 argentarii
1015 3601 1130 3650 scrip,-

131 3655 266 3694 turam,
283 3650 347 3698 qui
368 3650 406 3685 in
424 3649 588 3687 codicem
611 3663 719 3688 suum
750 3651 928 3688 referebat
946 3665 996 3688 oes
1012 3651 1130 3688 alien-

131 3713 212 3746 um,
245 3701 266 3739 ὲ
291 3701 457 3739 debitore
483 3701 654 3740 creditori
672 3716 752 3740 esse
770 3704 1002 3741 dissoiutum.
1055 3701 1131 3740 Re-

130 3753 257 3800 scribi,
275 3754 328 3791 ait
356 3752 543 3799 DonatuS,
562 3766 618 3792 est
648 3756 768 3805 reddi,
798 3769 863 3796 scu
894 3768 961 3808 per
993 3768 1130 3795 mensae

506 3806 683 3848 Horatius
701 3823 710 3846 ι

1183 3756 1267 3794 rari.

1179 3546 1350 3597 pecuniae
1380 3554 1520 3594 partem
1549 3541 1774 3591 deposuisse.
1826 3535 1925 3574 Cum
1952 3540 2020 3588 'per
2051 3548 2182 3587 argen-

1180 3600 1313 3635 tarium
1347 3596 1492 3633 debitor
1527 3592 1704 3638 solvebat,
1739 3590 1930 3628 dicebatur
1961 3603 2008 3626 ex
2043 3599 2183 3625 mensae

1180 3650 1359 3700 scriptura
1389 3649 1427 3685 id
1458 3648 1546 3684 ficri.
1601 3644 1669 3682 Sin
1703 3645 1781 3695 ipse
1813 3642 1957 3698 debitor
1988 3640 2212 3679 satisfacie-.

1181 3704 1259 3748 bat,
1303 3700 1492 3739 dicebatur
1535 3698 1579 3736 de
1618 3698 1745 3743 domo,
1772 3695 1828 3734 vel
1867 3707 1913 3733 ex
1943 3693 2025 3732 arca
2052 3704 2186 3730 nume·
