2314 3944
155 154 259 209 260

156 299 196 336 in
227 296 297 337 hec
329 298 470 348 schola,
505 302 535 339 si
572 311 725 350 usquam

150 363 199 388 >ea
216 361 285 398 est,
316 354 525 403 magistram
542 351 637 390 hane
656 349 726 388 So·

150 412 300 442 stratam
326 418 475 443 uxorem
502 417 620 442 meam
647 416 725 441 esse

152 457 307 495 minime
324 458 466 495 dubito.
518 458 582 495 So.
609 455 645 494 O
664 469 724 493 me

152 508 350 554 infelicem,
366 523 448 559 quae
463 523 562 547 nnnc
579 510 724 560 ignoro,

152 562 227 613 quii
247 564 292 599 de
311 562 436 600 caussa
456 575 554 599 nunc
573 562 725 600 maritus

151 628 212 653 me
231 615 400 652 accuset!
441 615 509 652 La.
529 613 652 652 Hem!
680 621 724 652 tu

152 667 298 704 nescis?
339 666 403 704 So.
431 666 522 704 Non
537 666 723 718 equidem,

149 720 201 758 ita
235 719 285 756 dii
321 717 414 756 mihi
442 721 519 757 sint
554 720 721 772 propitii,

147 772 202 809 mi
216 771 372 822 conjux3
393 773 573 824 nobisque
590 785 724 811 conce-

149 824 239 862 dant
265 824 339 863 une
364 825 475 863 vitam
492 826 624 864 ducere
642 824 725 863 lon-

147 877 349 929 gissimam.
402 879 473 916 La.
488 876 558 917 Dii
573 877 726 916 meliora

146 929 280 975 velint,
322 939 361 968 et
403 930 498 969 mala
545 940 722 969 avertant.

146 982 209 1021 So.
219 980 369 1034 ‘Meque
383 983 486 1021 nullo
497 996 582 1022 meo
593 984 724 1022 merito

148 1036 172 1074 ὲ
185 1044 222 1073 te
239 1046 444 1074 accusatam
462 1034 617 1086 posthac
636 1049 655 1074 c

148 1101 290 1127 nosces.
352 1088 422 1127 La.
450 1088 550 1127 Scio.
604 1050 724 1128 Nffi

148 1150 218 1180 tuo
245 1142 400 1187 merit03
430 1155 514 1192 quae
533 1155 608 1188 me,
637 1155 722 1192 quae

146 1203 203 1239 te,
243 1205 282 1232 et
309 1193 486 1233 familiam
519 1195 723 1247 ignominia

149 1246 293 1285 afficis?
331 1256 370 1285 et
398 1247 472 1285 filio
501 1223 658 1295 luctum,
685 1257 724 1288 et

147 1312 344 1338 moerorem
397 1301 558 1352 quaeris?
631 1302 723 1352 quin

148 1354 258 1391 etiam
290 1366 396 1391 causa
423 1367 477 1399 es,
510 1367 575 1392 cur
605 1355 723 1392 affini·

146 1415 225 1444 tate
243 1405 356 1444 nobis·
371 1407 506 1456 juncti,
533 1420 578 1445 ex
595 1408 722 1445 amicis

147 1459 291 1498 inimici
307 1458 413 1497 nobis
426 1459 638 1507 reddamur,
657 1461 722 1512 qui

147 1512 266 1550 filium
295 1521 460 1550 nostrum
490 1515 582 1551 tanti
610 1513 724 1551 duxe-

145 1575 249 1611 runt,
274 1574 316 1603 ut
334 1565 411 1614 ejus
428 1566 512 1603 fidei
530 1579 616 1604 suos
629 1566 723 1604 libe-

145 1630 207 1656 ros
225 1617 383 1656 tuendos
400 1618 537 1656 darent.
568 1617 629 1657 Tu
646 1619 722 1658 sola

146 1680 290 1722 reperta
306 1684 360 1717 es,
393 1685 476 1722 quae
496 1670 561 1709 has
580 1681 721 1723 pertur-

148 1723 316 1763 bationes
353 1723 480 1762 afferas
519 1725 721 1776 pervicacia

147 1777 225 1816 tufi,
279 1778 341 1816 So.
360 1775 517 1828 Egone?
547 1778 617 1816 La.
645 1777 719 1826 Tu,

150 1831 317 1880 inquam,
344 1830 491 1876 mulier,
532 1830 609 1882 ipsa
639 1829 720 1869 haec

148 1882 252 1929 ficis,
282 1895 366 1934 quae
393 1896 453 1920 me
471 1885 625 1921 omnino
642 1897 722 1922 sax-

145 1948 213 1974 um
230 1949 339 1973 sensu
353 1936 545 1987 privatum,
565 1949 642 1974 non
657 1935 726 1973 ho-

149 1990 291 2027 minem
310 2001 388 2026 esse
414 1989 608 2026 arbitraris.
661 1989 724 2028 An

150 2042 238 2092 quia
256 2040 470 2091 frequenter
488 2042 563 2079 ruri
581 2055 664 2080 sum
683 2044 723 2080 in

147 2093 296 2146 praedio,
317 2094 451 2132 idcirco
469 2095 638 2146 ignorare
654 2108 724 2148 pu-

147 2148 250 2192 tatis,
262 2148 447 2198 quomodo
461 2147 595 2199 singuli
609 2149 648 2186 in
662 2151 722 2186 'ur-

147 2199 196 2237 be
223 2200 323 2237 domi
355 2201 463 2238 vitam
493 2200 719 2239 traducaris?

148 2250 292 2291 Melius
308 2253 439 2291 absens
454 2253 543 2299 scio,
558 2266 641 2303 quae
659 2252 721 2290 hic

147 2304 243 2342 fiunt
260 2307 298 2343 in
315 2306 420 2353 urbe,
449 2306 560 2356 quern
579 2320 622 2344 ea
639 2319 722 2356 qua,-

147 2358 247 2396 fiunt
290 2359 379 2404 ruri,
428 2359 494 2396 ubi
544 2361 722 2397 continue

151 2423 308 2461 praesens
329 2423 423 2462 ago:
452 2411 501 2449 ob
529 2424 610 2449 eam
635 2426 722 2450 eau-

147 2476 240 2511 sam,
280 2464 379 2514 quod
410 2464 527 2515 qualis
557 2465 631 2502 vita
661 2477 723 2502 ve-

147 2525 219 2554 stra
246 2516 346 2555 domi
377 2519 513 2569 agitur,
555 2517 636 2555 talis
667 2517 721 2555 fa-

146 2582 208 2606 ma
247 2578 285 2608 et
319 2570 513 2607 aestimatio
550 2583 631 2607 mea
663 2579 718 2608 est

147 2622 233 2660 ruri.
286 2620 512 2660 «Iamdudum
532 2623 720 2662 auditione

146 2675 296 2728 percepi
311 2673 569 2715 Philumenam
587 2689 720 2717 nurum

146 2736 308 2776 nostram
348 2728 559 2778 concepisse
594 2729 720 2767 odium

147 2781 224 2818 tui:
257 2794 324 2818 nec
341 2781 444 2819 valde
460 2781 496 2818 id
515 2781 719 2820 mirandum

149 2839 229 2878 est3
272 2833 349 2870 imo
377 2834 447 2871 nisi
479 2834 530 2871 ita
558 2833 719 2881 fecisset,

147 2885 276 2936 majori
285 2885 527 2924 admiratione
537 2901 590 2924 ess
596 2897 632 2923 et
643 2888 724 2939 dig-

145 2950 252 2980 num.
306 2935 381 2976 Sed
409 2951 482 2975 non
503 2940 540 2977 in
559 2940 721 2978 animum

149 2989 216 3028 ind
221 2990 282 3028 uxi
286 3017 298 3037 ,
308 3003 387 3028 eam
402 2991 493 3028 adeo
502 3002 722 3031 commotam

148 3042 279 3089 fuisse,
303 3052 347 3081 ut
364 3045 474 3081 etiam
491 3053 607 3082 totam
626 3044 722 3083 hanc

148 3094 324 3133 familiam
391 3097 477 3134 odio
542 3096 719 3136 haberet:

145 3149 246 3198 quod
279 3149 309 3186 si
346 3148 391 3186 de
427 3148 496 3188 hac
523 3162 562 3186 re
589 3147 723 3189 certior

145 3199 264 3239 factus
290 3200 455 3249 fuissem,
494 3201 556 3240 illa
585 3203 623 3240 in
651 3201 723 3264 hac,

146 3253 258 3290 domo
277 3263 532 3305 permaneret:
567 3264 608 3293 tu
627 3254 721 3294 foras

146 3304 296 3344 dimissa
315 3306 458 3344 fuisses.
503 3306 577 3344 Sed
601 3310 723 3347 consi-

145 3355 229 3394 dera
256 3358 367 3409 quem
395 3360 477 3396 sine
504 3360 614 3399 enus&
642 3359 733 3400 haec'

146 3411 260 3447 animi
288 3411 457 3450 molestia
483 3410 577 3450 mihi
609 3427 656 3451 ex
683 3423 720 3452 te

779 156 836 208 P.
871 142 1218 208 TERENTH
1253 153 1574 212 HEGYRA.

777 296 848 348 Ei
883 295 1019 359 lude,
1055 297 1097 348 si
1138 298 1271 348 ullus
1307 305 1398 361 est,
1432 297 1720 365 magistram
1757 300 1888 352 hanc
1931 317 2036 352 esse
2078 297 2196 354 sati!

919 368 1057 418 certo
1089 368 1212 419 scio.

749 490 751 495 ,
780 437 866 491 Se.
906 436 999 488 Me
1023 438 1274 502 miseram,
1305 456 1425 508 quae
1448 447 1602 502 nunc,
1626 443 1949 508 quamobrem
1973 458 2198 508 accuser,

919 509 1102 562 nescio.
1178 509 1279 562 La.
1315 508 1466 561 hem!

775 577 858 630 Tu
894 579 1089 702 nfiscisi?
1166 579 1250 634 So·
1286 594 1413 656 non,
1445 579 1517 632 ita
1552 598 1635 633 me
1672 581 1725 634 di
1746 584 1875 635 bene
1897 594 2085 648 ament,
2124 583 2195 636 mi

964 668 1022 703 ac
1061 670 1128 716 eS‚
2033 680 2043 691 ’

770 721 952 791 Itaque
977 725 1079 774 unzi
1102 723 1234 775 inter
1257 740 1347 774 nos
1370 741 1518 792 agere
1541 731 1744 776 aetatem
1763 722 1958 779 liceat.⁴
1991 725 2095 779 La.
2125 726 2196 779 dii

919 795 1051 845 mala
1075 794 1372 864 prohibeant
1395 793 1419 845 l'
1868 855 1871 861 r
1918 834 1922 843 ι
2134 805 2199 850 10

778 863 861 915 So·
899 863 1093 934 Meque
1126 867 1212 916 abs
1241 874 1292 915 te
1317 865 1573 917 immerito
1597 883 1701 918 esse
1726 864 2035 932 accusatam,
2061 879 2198 938 posto

912 936 1129 987 ‘modum
1157 936 1403 989 rescisces
1478 937 1579 989 La.
1618 938 1739 990 scio.

773 1005 1167 1059 '1'u.immerito?
1207 1026 1271 1059 an
1292 1007 1568 1081 quidquam
1588 1026 1679 1078 pro
1697 1008 1801 1061 istis
1824 1007 1967 1067 factis
1985 1008 2196 1079 dignum

917 1086 967 1128 te
990 1077 1092 1129 dici
1115 1089 1293 1148 potest,
1972 1105 1980 1118 ·

776 1146 910 1203 Quae
933 1167 1034 1211 me,
1059 1161 1110 1201 et
1128 1160 1195 1215 te,
1219 1162 1270 1203 et
1289 1149 1536 1202 familiam
1555 1151 1851 1204 dedecoras?
1878 1150 1986 1203 filio
2003 1151 2199 1207 luctum

953 1237 1058 1271 aras
1080 1222 1097 1272 ?

775 1237 1106 1413 Tum}utem
1133 1311 1198 1345 ex
1220 1292 1396 1346 amicis
1422 1292 1705 1362 inimici-ut
1733 1293 1835 1346 sint
1859 1294 2003 1346 nobis
2026 1294 2201 1351 affines

939 1380 1041 1413 aeis
1127 1411 1131 1415 .

775 1433 881 1489 Qui
906 1401 1058 1485 illum,
1079 1434 1345 1487 decrerunt
1368 1436 1598 1505 dignum,
1622 1453 1735 1487 suos
1756 1435 1839 1487 cui
1859 1435 2038 1489 liberos
2057 1453 2200 1489 com-

919 1504 1195 1557 mitterent.
2134 1513 2196 1560 15

773 1575 857 1628 Tu
898 1577 1266 1700 sglategorere,
1303 1597 1417 1650 quae
1454 1579 1713 1648 perturbes
1752 1578 1864 1631 haec
1907 1581 1995 1632 tufi
2031 1578 2201 1650 impu·

952 1665 1015 1698 en
1040 1666 1055 1698 1

776 1717 862 1770 Se.
898 1718 1121 1787 Egone?
1215 1718 1318 1772 La.
1358 1727 1430 1782 tu,
1467 1720 1692 1789 inquam,
1730 1719 1930 1786 mulier,
1959 1737 2080 1792 (με
2117 1730 2199 1775 me

916 1790 1131 1842 omnino
1155 1790 1394 1860 lapidem,
1417 1792 1554 1843 haud
1579 1792 1837 1844 hominem
1861 1802 2023 1861 putaS.

773 1860 872 1923 An,
893 1860 1011 1929 quia
1030 1861 1132 1912 ruri
1152 1879 1256 1912 esse
1275 1864 1449 1915 crebro
1468 1865 1620 1942 soleo,
1646 1862 1836 1915 nescire
1850 1861 2180 1917 arbitramini¹

776 1930 896 1984 Quo
921 1930 1134 2002 quisque
1160 1941 1309 2000 pacto
1334 1933 1418 1983 hic
1444 1933 1598 1984 vitam
1624 1945 1896 1985 vestrorum
1922 1934 2127 2004 exigat?

775 1999 947 2054 Multo
970 2003 1151 2054 melius
1183 2003 1268 2054 hic
1296 2021 1409 2071 quae
1442 2003 1587 2068 fiunt,
1623 2006 1776 2072 quam
1814 2003 1922 2056 illic
1958 2006 2063 2058 ubi·
2083 2022 2196 2059 sum

918 2073 1130 2139 assidue,
1154 2074 1258 2126 scio
1279 2094 1290 2127 :
2130 2081 2201 2128 20

776 2141 899 2193 Ideo
935 2144 1070 2212 quia,
1105 2147 1184 2195 uti
1217 2162 1302 2196 vos
1339 2145 1466 2203 mihi
1504 2145 1643 2198 domi
1679 2145 1833 2210 eritiS,
1872 2145 2082 2216 proinde
2106 2164 2202 2217 ego

924 2233 1010 2266 ero
1035 2217 1172 2267 fama
1198 2217 1331 2269 foriS.
1720 2240 1722 2242 ·
1818 2282 1822 2284 Ἴ

775 2281 1093 2353 Jampridem
1147 2287 1385 2356 equidem
1438 2286 1605 2340 audivi
1660 2286 1848 2358 cepisse
1898 2287 2072 2341 odium
2125 2288 2203 2342 tui

917 2357 1274 2409 Philumenam
1299 2379 1311 2411 :

776 2425 1099 2498 Minimeque
1121 2429 1247 2481 adeo
1272 2430 1494 2495 mirum,
1532 2439 1597 2495 et,
1637 2429 1688 2482 ni
1716 2428 1767 2502 id
1792 2429 2003 2494 fecisset,
2039 2430 2201 2500 magis

920 2500 1106 2550 mirum
1123 2501 1275 2552 foret.

775 2567 878 2620 Sed
902 2587 1004 2621 non
1030 2570 1218 2624 credidi
1242 2571 1385 2635 adeo,
1421 2581 1479 2623 ut
1503 2570 1655 2624 etiam
1681 2581 1839 2623 totam
1862 2571 1995 2624 hane
2019 2572 2202 2626 odisset

821 2695 836 2703 N
918 2640 1165 2694 domum:
1329 2694 1337 2706 N

775 2709 927 2766 Quod
952 2712 992 2763 si
1015 2715 1235 2780 scissem,
1274 2713 1360 2766 illa
1392 2713 1478 2766 hic
1515 2725 1740 2766 maneret
1776 2714 1958 2784 potii1S‚
1993 2723 2056 2768 tu'
2079 2714 2203 2768 hinc.

915 2785 1033 2833 isses
1057 2785 1202 2836 foras,
2131 2791 2200 2838 25

775 2853 845 2904 At
883 2853 1014 2917 vide,
1052 2857 1203 2923 quirin
1242 2856 1498 2908 immerito
1534 2855 1778 2924 aegritudo
1811 2857 1924 2907 haec
1947 2854 2103 2908 oritur
2127 2859 2201 2911 mi

919 2925 1005 2975 abs
1024 2934 1093 2990 te,
1118 2926 1352 2979 Sostrata.

777 2992 881 3044 Rus
919 2995 1202 3049 habitatum
1241 2997 1359 3062 abii,
1398 2996 1677 3048 concedens
1711 2998 1872 3062 vobiS,
1908 3006 1960 3050 et
1993 2998 2064 3050 rei
2099 3015 2201 3054 ser·

919 3084 1094 3130 viens3
1706 3088 1714 3101 ⁸
2191 3123 2194 3127 ,
2258 3125 2261 3127 ,

778 3134 1022 3205 Sumptus
1059 3147 1262 3204 vestrm,
1314 3139 1594 3208 otiumque,
1630 3148 1687 3190 ut
1714 3146 1889 3198 *nostra
1926 3157 2002 3192 res
2039 3149 2205 3212 posset

920 3207 1044 3275 pati,

773 3276 899 3328 Meo
925 3277 1081 3329 labori
1119 3279 1253 3330 haud
1291 3298 1514 3349 parcenS,
1569 3289 1750 3349 praeter
1789 3298 2012 3351 aequum,
2047 3283 2196 3351 atque

919 3358 1120 3400 oetatem
1147 3369 1331 3402 meam.

146 3462 323 3509 nascitur,
344 3462 533 3510 Sostrata;
565 3478 624 3503 rus
642 3467 681 3504 in
704 3469 886 3518 praedium
906 3469 949 3507 ad
968 3469 1207 3511 habitandum
1230 3487 1287 3511 me
1308 3474 1462 3519 contuli,
1491 3476 1693 3514 concedens
1715 3475 1814 3514 vobis
1835 3485 1876 3513 ut
1896 3477 1931 3514 in
1954 3475 2043 3513 urbe
2062 3475 2204 3520 essetis,

147 3515 202 3552 rei
220 3513 414 3575 faciendae,
436 3527 475 3554 et
491 3518 670 3570 augendae
687 3519 774 3558 dans
790 3535 939 3573 operam
954 3542 962 3569 ;
993 3534 1031 3561 ut
1052 3524 1240 3562 facultates
1261 3537 1407 3564 nostrae.
1429 3542 1511 3578 quae
1526 3541 1611 3567 sunt
1626 3531 1838 3574 medioeres,
1856 3527 2204 3567 sufficerent'vestris

157 3567 382 3618 sumptibus,
407 3578 447 3607 et
463 3570 550 3610 vitae
570 3573 687 3612 otiose
705 3573 896 3623 ducendae,
924 3575 1036 3617 labor}
1064 3578 1282 3621 incumbens
1310 3579 1390 3632 plus
1419 3593 1539 3631 aequo,
1569 3592 1604 3620 et
1634 3594 1763 3633 praeter
1784 3590 1930 3622 aetatem
1958 3593 2091 3628 meum,
2118 3579 2204 3631 quia

97 3648 99 3651 -
152 3631 233 3659 tum
253 3631 376 3660 Senex-
