2340 3964
156 203 229 249 60

157 340 225 378 Th.
243 339 439 379 Attendite
457 337 566 386 mihi,
581 351 728 391 quaeso:

157 403 275 431 mater
287 407 370 432 mea
386 393 463 431 illic
480 402 636 431 mortem
649 391 733 430 obi-

155 445 214 484 vit
241 459 382 497 nuperz
410 447 488 495 ejus
523 445 635 483 frater
663 444 730 482 ali-

182 501 297 536 nanto
328 499 419 536 lucri
456 499 626 549 cupidior
658 506 727 535 est.

174 565 191 588 s
218 552 283 589 ubi
313 550 408 589 hanc
434 551 524 588 vidit
550 550 726 602 virginem

152 605 275 655 specie
293 604 446 641 venusta
463 617 555 650 esse,
580 612 616 640 et
633 604 726 640 scire

152 657 288 694 fidibus
302 669 449 699 canere;
469 657 628 707 pretium
643 669 727 707 spe-

150 722 233 746 rans
253 723 439 755 magnum,
464 709 590 746 statim
609 715 735 746 matre

150 757 422 806 mortnascam
454 775 586 799 venum
612 775 726 813 expo-

149 815 226 860 nit3
266 815 410 851 vendit:
436 814 544 851 -forte
575 814 727 852 fortuna

149 865 212 903 hic
238 879 397 917 praesens
416 865 582 904 interfuit
605 866 725 905 'I'hrn-

147 932 189 956 so
210 932 313 956 meus
339 920 493 966 amicus,
512 921 576 970 qui
596 919 724 957 harum

148 979 269 1010 rerum
316 973 453 1011 inscius
495 971 724 1024 Pamphilam

147 1026 254 1071 emit,
265 1039 375 1075 quam
392 1024 483 1063 mihi
499 1025 596 1063 dono
609 1027 726 1064 daret.

149 1075 185 1114 Is
201 1077 367 1115 Athenas
381 1079 510 1116 rediit:
527 1088 722 1130 postquam

146 1133 319 1182 cognovit
347 1144 407 1169 me
430 1142 556 1169 tecum
573 1145 722 1183 quoque

144 1197 397 1229 consuescere,
463 1196 720 1223 excusationes

144 1237 308 1275 studiose
334 1238 534 1289 excogitat,
561 1252 607 1276 ue
635 1251 716 1276 eam

146 1290 284 1336 tradat3
305 1290 395 1328 dicit
409 1291 438 1327 si
457 1291 564 1328 fidem
579 1292 650 1342 ipsi
665 1290 717 1328 fa-

141 1343 252 1388 ciam,
267 1357 306 1380 se
327 1344 464 1394 priores
482 1353 600 1394 partes
618 1345 717 1395 apud

140 1395 712 1448 lne,tepostposito,habiturum;

141 1461 263 1499 neque
282 1458 437 1494 metuat,
453 1462 500 1487 ne
514 1449 578 1486 ubi
593 1450 718 1501 puella

139 1501 223 1538 data
257 1501 350 1540 mihi
385 1501 510 1548 fuerit,
544 1515 626 1539 sese
663 1503 718 1540 di—

140 1555 305 1599 mittam3
335 1555 428 1592 velle
445 1567 485 1591 se
504 1555 602 1592 illam
623 1555 714 1594 mihi

138 1607 296 1644 donare:
326 1609 451 1646 verum
470 1608 508 1645 id
525 1608 713 1653 dubitare:

137 1661 202 1697 scd
217 1673 287 1712 ego
300 1663 480 1711 quantum
491 1662 616 1698 animo
627 1674 716 1699 con-

129 1712 238 1762 jicio,
270 1714 315 1751 ad
346 1714 524 1766 virginem
552 1727 715 1754 amorem

135 1766 315 1814 adjunxit.
398 1767 468 1805 Ph.
514 1765 716 1819 Nunquid-

135 1832 222 1856 nam
237 1820 347 1857 etiam
362 1820 520 1872 amplius
534 1821 616 1858 est?
647 1821 716 1860 ΤΙι.

135 1871 244 1909 Nihil
258 1889 266 1914 ς
288 1886 372 1910 nam
387 1882 602 1925 percontata
615 1888 712 1920 sum,

135 1926 187 1962 mi
236 1923 424 1964 Phaedria:
479 1939 581 1964 nunc
625 1927 712 1966 vero

134 1978 418 2029 quamplurimae
451 1974 541 2017 sunt
576 1992 710 2027 causae,

134 2041 286 2082 propter
311 2046 400 2082 quas
428 2033 539 2083 cupio
557 2045 638 2071 eam
665 2034 709 2071 ad

134 2096 194 2121 me
239 2086 261 2122 a
310 2086 542 2136 possessione
580 2085 711 2124 militis

133 2138 382 2176 transducere.
423 2133 593 2177 Primum
612 2140 717 2190 quod*

131 2202 234 2227 soror
261 2204 343 2228 mea
371 2191 468 2229 dicta
494 2201 569 2229 est:
627 2203 710 2231 tum

132 2244 259 2288 etiarn,
286 2253 329 2281 ut
355 2257 437 2282 eam
467 2245 542 2282 suis
567 2253 709 2297 raptam

131 2297 337 2342 restituam,
365 2307 403 2334 et
430 2299 600 2336 amissam
627 2298 710 2336 red-

129 2349 227 2387 dam.
267 2348 355 2388 Sola
369 2363 474 2388 sum:
508 2349 628 2389 habeo
646 2350 709 2389 hic

130 2403 336 2448 neminem,
372 2417 495 2454 neque
532 2405 708 2450 amicum,

130 2468 252 2506 neque
270 2467 488 2507 cognatum,
506 2458 569 2507 qni
599 2456 709 2505 mihi,

129 2510 215 2546 cum
235 2521 328 2560 opus
343 2508 469 2556 fuerit,
492 2510 706 2556 auxiliatum

126 2563 382 2612 quamobrem,
401 2561 582 2608 Phaedria,
597 2564 710 2615 cupio

126 2614 270 2665 aliquos
294 2614 389 2653 mihi
417 2617 555 2654 amicos
580 2618 706 2655 conci-

129 2667 218 2706 liare
248 2668 342 2706 meis
372 2670 527 2707 meritis.
583 2668 627 2706 Id
661 2679 704 2708 ut

126 2719 272 2758 facilius
290 2733 505 2772 consequar,
525 2731 615 2773 peto
631 2722 652 2760 a
665 2731 704 2761 te

125 2782 169 2811 ut
200 2772 293 2811 mihi
324 2776 459 2825 praesto
490 2788 568 2813 esse
599 2775 704 2814 velis.

125 2824 307 2864 Permitte
339 2827 444 2864 illum
471 2827 702 2866 Thrasonem

123 2879 223 2931 apud
247 2892 308 2916 me
329 2880 473 2918 admitti
503 2882 540 2918 in
567 2882 702 2932 potiori

153 2942 245 2978 arte,
270 2931 372 2970 hisce
400 2933 543 2985 aliquot
560 2934 702 2973 diebus.

124 2945 235 3023 Klihil
249 2987 471 3036 respondes?
490 2988 559 3024 Ph.
567 2985 706 3025 Deter—

124 3039 231 3086 rima,
249 3038 383 3076 tibi-ne
408 3053 479 3091 ego
506 3040 704 3091 quicquam

725 194 783 248 P.
826 193 1175 248 TERENTII
1213 188 1631 253 EUNUCHUS.

788 336 883 389 le.
923 336 1044 388 Hoc
1058 338 1208 406 agite,
1231 339 1442 390 amabo:
1476 342 1639 390 'mater
1655 356 1767 391 mea
1790 338 1895 391 illie
1914 348 2112 396 mortua
2126 345 2201 393 est

781 408 989 477 Nuper:
1027 407 1130 476 ejus
1163 412 1314 460 frater
1339 409 1654 477 'aliquantum
1679 411 1743 462 ad
1766 428 1872 462 rem
1897 422 1970 463 est
1993 412 2199 464 avidior.

780 478 829 529 Is
854 480 941 530 ubi
966 480 1157 531 hancce
1182 482 1345 532 forma
1362 481 1498 532 videt
1515 479 1723 548 honesta
1740 482 2005 550 virginem,
2127 487 2206 536 52'

779 551 850 602 Et
873 550 1054 602 fidibus
1078 552 1234 614 scire3
1271 551 1489 621 pretium
1514 569 1729 620 sperans,
1753 553 1891 605 illico

781 621 1021 674 Producit
1037 642 1051 686 3
1091 623 1285 675 vendit:
1324 625 1449 674 forte
1467 624 1668 674 fortuna
1687 622 1848 675 adfuit

781 693 888 744 Hic
914 711 1054 744 meus
1079 695 1316 748 amicus:⁴
1338 695 1462 745 emit
1487 712 1598 744 eam
1625 694 1758 745 dono
1781 695 1925 760 mihi,
2091 730 2096 734 -
2126 702 2193 749 55

776 764 1076 833 Imprudens
1104 766 1277 817 harum
1307 783 1491 829 rerum,
1515 765 1815 834 ignarusque
1839 767 2090 821 omnium.

777 836 824 886 Is
849 837 1016 887 venit:
1053 848 1317 906 postquam
1343 836 1496 887 sensit
1522 854 1603 886 me
1623 843 1792 888 tecum
1820 854 2026 906 quoque.
2056 870 2059 874 ·

779 907 910 959 Rem
936 908 1136 972 habere,
1161 908 1308 978 fingit
1332 926 1541 970 caussaS,
1566 911 1631 958 'ne
1650 908 1750 970 det,
1774 909 1970 960 seduloi

775 978 880 1042 Ait,
900 979 940 1029 si
965 979 1117 1030 fidem
1144 979 1339 1043 habeat,
1363 997 1414 1029 se
1442 979 1500 1030 iri
1524 979 1850 1047 praepositum
1869 980 1962 1031 tibi

775 1050 924 1118 Apud
946 1068 1052 1102 me:
1075 1069 1134 1102 ac
1157 1069 1256 1102 non
1279 1051 1329 1102 id
1349 1049 1742 1114 metuat,ne,ubi
1761 1068 1872 1102 eam
1894 1052 2194 1121 acceperim,

775 1120 896 1174 Sese
921 1122 1201 1190 relinquam
1214 1142 1230 1185 3
1268 1124 1396 1173 velle
1417 1140 1471 1172 se
1491 1122 1632 1173 illam
1658 1121 1785 1173 mihi
1811 1121 1959 1176 dare:
2120 1125 2189 1178 61

778 1191 959 1244 Verum
983 1193 1034 1244 id
1060 1193 1245 1257 vereri3
1282 1193 1384 1255 sed,
1409 1211 1504 1261 ego
1525 1194 1771 1261 quantum
1789 1193 2029 1263 suspicor,
2106 1207 2107 1210 ’
2172 1214 2174 1217 ·

770 1263 851 1315 Ad
869 1264 1114 1332 virginem
1132 1264 1579 1334 animumadje'cit.»
1599 1263 1933 1315 Ph.ctiamne
1949 1266 2193 1336 amplius?

775 1333 870 1386 Th.
895 1335 1004 1399 Nil,
1026 1354 1142 1388 nam
1163 1336 1394 1405 quaesivi:
1425 1354 1561 1388 nunc
1581 1353 1676 1403 ego
1693 1353 1824 1398 eam,
1852 1336 1925 1386 mi
1950 1337 2196 1404 Phaedria,

770 1405 955 1458 Multae
973 1417 1088 1458 sunt
1105 1426 1306 1472 caussae,
1327 1408 1654 1476 quamobrem
1672 1406 1822 1474 cupio
1835 1407 2100 1460 abducere.
2119 1414 2189 1461 65

769 1477 1016 1543 Primum,
1041 1479 1175 1548 quod
1199 1497 1334 1530 soror
1357 1486 1431 1529 est
1454 1478 1619 1546 dicta?
1640 1488 1917 1546 ·1praeterea,
1941 1488 1999 1529 ut
2020 1480 2122 1532 suis

772 1548 1053 1601 Restituam
1079 1568 1138 1601 ac
1162 1550 1388 1602 reddam.
1413 1551 1517 1601 sola
1538 1567 1678 1601 sum:
1718 1548 1880 1601 habeo
1911 1548 1999 1601 hic
2015 1550 2192 1624 :nemi-⁵

915 1640 1085 1685 nem,
1136 1665 1138 1669 v
1341 1669 1347 1676 .
1628 1646 1750 1670 ‹.„·
1905 1644 1915 1657 ,

768 1691 950 1763 Neque
1001 1693 1244 1757 amicum,
1302 1709 1465 1765 neque
1511 1701 1801 1762 cog-nanim,
1844 1693 2192 1762 quamobrem,

915 1764 1186 1828 Phaedria,
1426 1787 1429 1790 ⁴
1568 1787 1608 1811 w.
1696 1768 1703 1811 Ϊ
1853 1806 1855 1808 .
1954 1789 1959 1796 κ
2081 1798 2085 1804 .
2142 1788 2161 1799 „

770 1832 935 1903 Cupio
959 1835 1151 1906 aliquos
1174 1853 1346 1904 parare
1370 1834 1560 1887 amicos
1583 1833 1831 1887 beneficio
1854 1852 1989 1890 meo.

767 1904 845 1970 Id,
866 1909 1065 1972 amabo,
1082 1905 1250 1976 adjuta
1277 1925 1375 1970 me,
1394 1907 1498 1975 quo
1519 1906 1571 1967 id
1590 1905 1680 1958 fiat
1704 1905 1915 1958 facilius
2119 1906 2192 1970 70

766 1976 888 2028 Sine
914 1978 1058 2029 illum
1081 1978 1267 2047 priores
1291 1977 1472 2046 parteis
1496 1977 1646 2028 hosce
1670 1977 1862 2046 aliquot
1885 1976 1989 2028 dies

763 2049 916 2117 Apud
941 2067 1024 2103 me
1048 2049 1252 2102 habere.
1278 2049 1405 2100 nihil
1431 2049 1726 2117 respondes?
1802 2049 1905 2100 Ph.
1941 2066 2191 2118 pessuma,

762 2117 880 2188 Ego
905 2121 1180 2190 quidquam
1201 2139 1319 2171 cum
1344 2120 1446 2172 istis
1466 2120 1610 2171 factis
1631 2118 1727 2170 tibi
1750 2120 2075 2188 respondeam
2095 2121 2114 2170 ?

765 2189 878 2243 Pa,-
903 2192 992 2244 En
1008 2195 1202 2257 noster,
1228 2191 1394 2244 laudO.
1421 2191 1623 2243 tandem
1649 2190 1928 2260 perdoluit:
1963 2190 2134 2244 vires,
2191 2237 2194 2240 ,

765 2262 870 2315 Ph.
912 2263 1067 2315 Haud
1086 2282 1182 2332 ego
1201 2263 1504 2326 nesciebam,
1524 2280 1762 2332 quorsum
1782 2271 1838 2312 tu
1859 2262 1967 2314 ires,
1987 2264 2190 2332 parvola

765 2334 908 2386 Hinc
935 2345 1007 2386 est
1031 2337 1260 2405 abrepta:
1300 2334 1473 2386 eduxit
1493 2343 1653 2385 mater
1675 2351 1766 2403 pro
1789 2335 1902 2385 sua-z
2117 2336 2189 2398 76

765 2405 1012 2458 Soror.est
1046 2407 1211 2459 dicta:
1251 2406 1401 2475 cupio
1433 2407 1700 2469 abducere,
1735 2413 1794 2456 ut
1829 2405 2050 2457 reddam(
2068 2405 2187 2462 suis.

764 2477 966 2546 Nempe
1005 2479 1178 2530 onmia
1202 2478 1314 2529 haec
1340 2495 1477 2528 nunc
1502 2475 1650 2528 verba
1663 2475 1771 2527 huc
1797 2476 2011 2528 redeunt
2043 2476 2190 2528 deni-

762 2549 1025 2601 Excludor
1048 2567 1160 2618 eg0,
1185 2549 1272 2601 ille
1297 2549 1561 2618 recipitur:
1604 2547 1926 2618 ‚quagratm
2004 2554 2006 2557 ’
2040 2548 2189 2619 [que:·

758 2620 872 2672 Nisi
894 2622 1040 2672 illum
1058 2622 1169 2690 plus
1188 2622 1502 2689 amaS‚quam
1521 2635 1622 2683 me,
1631 2629 1688 2671 et·
1698 2620 1843 2670 istam
1865 2637 2002 2670 nunc
2022 2619 2186 2685 timeS,

758 2692 891 2747 Quae
916 2693 1134 2744 abducta
1157 2703 1247 2756 est,
1272 2710 1337 2743 ne
1360 2692 1506 2743 illum
1531 2693 1684 2742 talem
1711 2689 2124 2760 praeripiattibii·

763 2763 856 2817 Th.
876 2764 1045 2832 Egon'
1072 2764 1122 2815 id
1142 2764 1326 2816 timeo?
1391 2764 1492 2815 Ph.
1518 2763 1639 2831 qu'id
1660 2771 1709 2813 te
1733 2779 1853 2830 ergo
1875 2760 2144 2814 sollicitat?

757 2835 896 2886 Num
924 2837 1056 2886 solus
1081 2835 1166 2886 ille
1193 2835 1323 2886 dona
1349 2835 1460 2885 dat?
1499 2833 1917 2885 nuncubi·meam
2019 2831 2181 2901 [cedo.

756 2906 1136 2975 Benignitatem
1162 2905 1358 2957 sensisti
1382 2906 1435 2969 in
1460 2904 1788 2971 teclaudier?
1847 2936 1850 2939 v

756 2978 963 3043 Nonne,
988 2978 1078 3030 ubi
1103 2977 1231 3030 mihi
1256 2976 1382 3028 dixti
1407 2990 1591 3046 cupere
1614 2986 1672 3026 te·
1690 2993 1754 3027 ex
1776 2966 2041 3054 AEtliiopia
2109 2979 2178 3028 85

123 3091 346 3143 respondere
369 3092 539 3138 debeam,
567 3093 655 3131 talia
671 3093 757 3131 cum
777 3090 871 3130 mihi
890 3090 1028 3129 facias?
1085 3090 1155 3128 Pa.
1185 3087 1261 3127 Hei
1280 3098 1416 3136 noster,
1435 3102 1544 3141 euge,
1567 3087 1693 3140 magni
1707 3097 1746 3126 te
1769 3086 1877 3126 facio.
1899 3085 2067 3126 Tandem
2083 3087 2182 3141 πει-ὲ

123 3144 197 3183 fert
211 3157 250 3182 se
267 3144 406 3191 deludi,
422 3146 572 3194 injurias
587 3147 632 3183 ad
649 3148 817 3184 animum
835 3143 1014 3182 revocasti
1029 3158 1037 3181 :
1059 3143 1140 3194 jam
1158 3144 1211 3180 vir
1226 3156 1278 3180 es.

1332 3143 1403 3180 Ph.
1421 3141 1477 3180 At
1494 3154 1564 3192 ego
1583 3140 1807 3187 nesciebam,
1826 3141 1902 3191 quo
1919 3149 2101 3192 spectaret
2115 3150 2182 3180 tua

124 3211 260 3248 nempe
277 3199 407 3236 oratio.
441 3196 596 3236 Parvula
617 3199 637 3235 ὲ
654 3197 776 3237 Sunio
794 3207 850 3236 est
867 3197 1042 3248 abrepta:
1071 3195 1240 3234 educavit
1258 3203 1374 3233 mater
1388 3207 1468 3232 eam
1485 3207 1553 3246 pro
1566 3194 1631 3232 sua
1646 3193 1742 3232 filia:
1772 3206 1874 3231 soror
1892 3205 1975 3231 mea
1991 3194 2181 3242 nominata

124 3259 199 3288 est:
229 3251 339 3301 cupio
349 3250 544 3297 abducere,
560 3261 604 3289 ut
618 3252 763 3290 reddam
781 3251 870 3289 suis.
925 3247 1078 3288 Scilicet
1091 3248 1218 3286 omnia
1231 3247 1313 3286 haec
1329 3248 1439 3286 verba
1452 3248 1489 3284 in
1506 3247 1600 3285 hanc
1614 3259 1797 3284 summam
1811 3259 1909 3284 nunc
1928 3247 2178 3294 conveniunt;

123 3313 166 3341 ut
185 3303 370 3349 excludar,
398 3304 505 3342 miles
531 3304 592 3342 ille
621 3305 857 3342 admittatur:
887 3302 991 3351 cujus
1019 3303 1070 3340 rei
1099 3300 1233 3339 causa?
1265 3301 1336 3338 nisi
1354 3301 1454 3350 quod
1478 3299 1584 3338 illum
1602 3301 1714 3351 quam
1739 3313 1800 3338 me
1825 3297 2031 3337 chariorem
2047 3298 2179 3346 habes,

122 3357 331 3407 metuisque
355 3369 402 3394 ne
421 3355 629 3408 Pamphila,
654 3371 766 3407 quam
786 3358 807 3394 a
822 3354 1016 3393 Thrasone
1042 3354 1228 3405 recepisti,
1248 3367 1333 3390 eum
1353 3353 1420 3390 tibi
1442 3353 1678 3404 intercipiat?
1736 3353 1803 3391 Th.

123 3409 192 3446 Ph.
222 3407 324 3451 Quid
346 3423 432 3459 ergo
451 3421 490 3447 te
509 3411 637 3447 incitat
655 3410 699 3447 ad
718 3408 789 3447 hoc
808 3408 1048 3446 faciendum?
1079 3405 1252 3457 Expone,
1272 3419 1362 3444 num
1381 3405 1479 3444 solus
1498 3406 1560 3443 ille
1578 3405 1647 3443 tibi
1666 3405 1807 3443 donat?

1829 3350 1964 3391 Eoeone
1980 3353 2018 3390 id
2034 3352 2176 3391 timeo?

1838 3383 2023 3456 ffunquid
2040 3403 2176 3443 alicubi

119 3474 239 3498 meam
269 3462 526 3501 liberalitatem
556 3463 680 3501 vidisti
708 3463 777 3500 tibi
798 3461 1002 3514 praecludi?
1031 3472 1158 3498 nonne
1176 3460 1302 3497 statim
1330 3467 1442 3511 atque
1469 3458 1562 3497 mihi
1590 3458 1806 3511 significasti
1825 3471 1960 3510 cupere
1985 3466 2022 3495 te
2039 3470 2178 3496 servam

119 3513 352 3565 AEthiopem,

982 3584 1319 3633 ANNOTATIO.

170 3689 217 3720 85
248 3681 312 3719 Em
338 3683 555 3735 AEthiopid]
614 3683 810 3734 Quidquid
832 3683 929 3721 ultra
954 3680 1119 3733 Nigrum
1173 3679 1300 3719 Africa
1317 3690 1489 3725 tenuer03
1517 3694 1611 3734 gens
1637 3681 1804 3718 omnium
1832 3678 1969 3718 Africa
1995 3686 2174 3716 terrarum

113 3734 253 3773 flumen
265 3744 336 3781 est,
355 3745 392 3773 et
411 3734 631 3788 AEgyptum‚
649 3738 773 3774 versus
792 3745 991 3787 utrumque
1005 3748 1119 3781 mare,
1172 3734 1414 3786 amplissima3
1445 3735 1543 3773 dicta
1571 3734 1617 3774 ab
1646 3733 1748 3781 arev,
1774 3745 1855 3782 uro,
1882 3738 1915 3770 et
1941 3730 2013 3780 ὣψ,
2037 3730 2078 3771 id
2101 3738 2174 3779 est,

115 3787 349 3827 Atlanticum
392 3787 653 3841 Rubrumque,
698 3787 896 3841 AEthiopes
939 3788 1029 3830 olim
1079 3789 1119 3826 in
1172 3794 1352 3840 aspectus,
1368 3789 1506 3827 vultus-¹
