2314 3944
726 129 958 184 ACTUS
998 131 1088 185 IV.
1159 130 1391 187 SCENA
1425 131 1520 187 111.

105 271 193 341 Sy.
227 272 254 325 1
283 272 434 325 sane:
471 289 568 341 ego
603 282 653 324 te
687 275 931 327 exercebo
943 272 1120 340 hodie,
1155 283 1212 325 ut
1236 274 1415 344 dignus
1447 293 1516 341 eS,

241 343 569 396 silicernium.

102 412 370 466 AEschinus
392 415 560 466 odiose
586 425 766 468 cessat:
806 415 1072 487 prandium
1092 414 1455 495 corrumpitur:

101 483 339 552 Ctesipho
361 495 528 537 autem
568 486 620 538 in
644 505 812 540 amore
853 497 926 539 est
948 495 1096 539 totus,
1134 501 1230 554 ego
1256 504 1364 554 jam
1399 505 1515 556 pro-

162 557 165 561 ”
239 555 446 624 spiciam
474 557 631 610 mihi:
1445 565 1517 640 ὄρ

98 623 234 676 Nam
251 625 546 694 jamfadibO,
583 640 748 698 atque,
783 627 1192 699 unumquodque,
1230 628 1366 697 quod
1402 647 1516 697 qui-

60 708 65 721 ⁷
111 705 113 708 ’
241 698 357 748 dem
385 698 477 749 erit
499 700 847 762 bellissimum,

96 764 311 836 Carpam
332 788 346 831 3
385 779 435 819 et
458 770 659 838 cyathos
682 770 939 822 sorbillans
963 767 1207 839 paulatim
1236 769 1373 821 hunc
1397 787 1513 839 pro-

240 838 421 891 ducam
446 841 599 892 diem.

954 1046 1281 1088 ANNOTATIO.

2042 144 2133 190 181

1566 275 1636 329 Sy.
1662 273 1778 329 Perge
1805 277 1973 328 quidem:
2003 292 2072 331 ego
2099 289 2139 319 te

1566 330 1744 376 tractabo,
1766 329 1927 381 fatigabo
1949 329 2075 378 hodie,
2092 343 2136 370 ut

1567 383 1720 420 meritus
1747 395 1802 430 es,
1830 382 2007 434 capularis
2025 397 2137 423 senex

1568 435 1764 487 decrepite.
1816 433 2016 474 AEschinus
2057 449 2137 475 mo·

1568 476 1659 525 lesste
1671 488 1811 526 tardat:
1838 488 2030 539 prandium
2057 501 2137 527 cor-

1567 542 1772 592 rumpitur:
1811 538 1988 592 Ctesipho
2013 550 2137 580 autem

1567 593 1696 630 amicae
1725 605 1872 644 operam
1904 605 2051 632 omnem
2078 594 2141 632 dat

1567 657 1683 682 suam.
1701 679 1705 683 .
1727 644 1890 697 Tempus
1902 646 1978 697 jam
1994 655 2078 693 est,
2095 655 2139 697 ut

1567 696 1660 735 mihi
1689 699 1899 736 consulam.-
1942 711 2026 737 nam
2056 698 2136 749 jam

1564 750 1764 801 aggrediar,
1792 760 1831 788 et
1864 750 2040 802 quidquid
2068 753 2138 791 erit

1564 802 1816 840 suavissimum
1860 801 1948 841 dece
2015 817 2067 850 m,
2098 812 2137 846 et

1564 853 1713 906 cyathos
1756 855 1889 906 saepius
1921 868 1965 893 ex
1994 856 2137 894 auriens

1565 908 1702 946 sensim
1715 905 1816 945 hunc
1830 906 2013 947 traducam
2025 909 2137 949 diem.

146 1170 197 1201 48
224 1156 486 1211 Silicemium]
554 1160 751 1200 Terentius
777 1169 882 1199 vocat
913 1169 1087 1201 extrema:
1138 1162 1159 1200 ὲ
1173 1160 1319 1209 Plauto,
1338 1171 1376 1201 et
1395 1164 1517 1216 capuli
1533 1165 1651 1211 decus,
1670 1167 1776 1203 morti
1795 1167 2006 1220 contiguus,
2024 1182 2136 1221 capu-

93 1215 212 1252 aetatis
244 1228 368 1252 senem
393 1214 415 1252 ἒι
446 1214 646 1260 silicernio,
678 1214 777 1264 quod
807 1224 864 1251 est
894 1214 1086 1264 prandium
1139 1215 1175 1252 lo
1203 1228 1287 1253 mox
1321 1215 1538 1254 efferendus.

1609 1217 1775 1278 Qapzclzcs
1803 1229 1925 1259 autem
1956 1231 2014 1261 est
2040 1222 2134 1260 fere·

91 1266 261 1313 funebre,
278 1268 377 1318 quod
395 1267 655 1306 conficiebatur
671 1269 766 1304 circa
786 1266 942 1312 silicem,
960 1267 997 1303 id
1015 1277 1087 1314 est,
1137 1277 1257 1315 trum3
1286 1269 1384 1319 qubd
1402 1281 1551 1321 corpora
1568 1280 1702 1322 capiat.

91 1318 327 1372 sepulchrum
354 1321 513 1360 mortui:
540 1321 593 1359 sic
622 1319 806 1371 capularis
822 1332 928 1358 senex
953 1319 1086 1358 dicitur
1125 1353 1127 1355 ,

464 1557 865 1627 ACT'US
931 1558 1058 1626 IV.
1157 1558 1570 1628 SCENA
1622 1561 1765 1631 III.

838 1752 1069 1834 M1T10.
1139 1751 1393 1819 HEGIO.

89 1907 189 1961 Mi.
224 1907 345 1960 EGo
383 1906 437 1959 in
466 1907 573 1959 ,hac
614 1925 667 1959 re
705 1907 833 1959 nihil
869 1907 1078 1977 reperi0,
1111 1925 1263 1978 quam
1299 1909 1366 1960 ob
1401 1927 1508 1962 rem

230 1979 401 2030 lauder
423 1988 698 2047 tantopere,
722 1979 910 2047 Hegio,
1352 2050 1365 2062 ·

89 2048 270 2101 Meum
295 2050 518 2102 officium
543 2049 702 2101 facio:
741 2050 875 2118 quod
898 2059 1165 2118 peccatum
1189 2053 1219 2102 a
1248 2051 1391 2104 nobis
1426 2069 1508 2103 or-

229 2130 338 2178 tum
363 2130 452 2184 est,
476 2120 687 2188 corrigo.

87 2189 199 2242 Nisi
211 2191 264 2242 ‘si
289 2191 341 2242 in
367 2191 456 2242 illo
480 2208 562 2242 me
587 2190 837 2243 credidisti
860 2209 963 2242 esse
988 2190 1254 2244 hominum
1280 2209 1505 2261 numero,

230 2261 318 2329 qui
342 2262 411 2313 ita
433 2271 610 2330 putant
630 2282 644 2325 ;

88 2330 198 2382 Sibi
216 2331 324 2383 fieri
348 2331 583 2402 injuriam
607 2334 754 2398 ultro,
778 2331 819 2384 si
856 2350 1006 2403 quam
1030 2335 1193 2386 fecere
1218 2333 1329 2404 ipsi,
1353 2355 1506 2407 expo-

226 2405 444 2467 stulant3
918 2453 921 2456 .

85 2472 158 2525 Et
180 2475 312 2525 ultro
334 2482 603 2528 accusant:
641 2473 692 2525 id
726 2473 843 2543 quia
879 2493 982 2527 non
1014 2485 1086 2527 est
1117 2478 1148 2528 a
1179 2495 1262 2529 me
1295 2479 1501 2555 factum,

227 2544 324 2613 agi'
348 2545 560 2612 gratias?
1467 2558 1498 2604 5

87 2615 189 2668 He.
227 2615 328 2679 Ah,
352 2615 595 2668 minime:
637 2633 895 2684 nunquam
921 2626 970 2668 te
993 2617 1151 2683 aliter,
1174 2627 1323 2689 atque
1358 2639 1426 2687 es,
1447 2622 1499 2674 in

164 2721 168 2728 ‚
227 2685 454 2737 animum
481 2687 655 2737 induxi
679 2704 869 2737 meum.

87 2756 190 2809 Sed
209 2774 395 2826 quaese,
417 2767 474 2809 ut
508 2759 608 2808 una
632 2773 834 2808 mecum
858 2757 921 2809 ad
946 2767 1156 2812 matrem
1181 2760 1384 2830 virginis
1403 2781 1501 2828 eaS,

227 2827 398 2892 Mit‘io,
1058 2887 1063 2897 .

86 2898 412 2966 Atqueistaec
431 2898 624 2962 eadem,
648 2915 761 2967 quae
786 2897 913 2952 mihi
937 2898 1078 2966 dixti,
1095 2910 1203 2954 tute
1227 2903 1362 2955 dicas
1384 2921 1500 2956 mu-

227 2968 372 3031 lieri3

87 3039 436 3107 Suspicionem
461 3039 591 3091 hanc
614 3049 813 3110 propter
834 3041 1035 3093 fratrem
1061 3040 1167 3112 ejus
1191 3060 1310 3109 esse,
1351 3054 1402 3096 et
1435 3044 1499 3098 il-

229 3110 330 3160 lam
355 3111 625 3177 psaltriam.

86 3180 186 3232 Mz'.
221 3178 278 3230 Si
302 3179 371 3230 ita
394 3197 592 3249 aequom
618 3198 805 3243 censeS,
829 3190 915 3232 aut
938 3182 978 3233 si
1004 3181 1071 3234 ita
1095 3185 1218 3253 opus
1254 3194 1326 3236 est
1349 3187 1498 3250 fact0,

225 3267 412 3302 eamus,
450 3250 549 3302 He.
570 3253 697 3307 bene
715 3251 867 3302 facis:
1436 3264 1501 3308 10

88 3318 220 3371 Nam
245 3331 296 3371 et
320 3319 392 3370 illi
427 3321 652 3372 animum
672 3319 779 3390 jam
798 3323 1055 3386 >relevabis
1080 3343 1194 3395 quoe
1217 3326 1402 3390 dolore,
1437 3345 1496 3379 ac

230 3389 430 3441 miseria
891 3452 895 3456 Ι

86 3459 319 3517 Tabeseit
333 3479 349 3524 ;
375 3468 438 3518 ‚et
471 3468 526 3511 tu
548 3459 716 3519 officio
748 3462 895 3518 fucris
921 3464 1151 3521 functus:
1188 3464 1272 3517 sed
1292 3464 1333 3517 si
1356 3464 1499 3517 aliter

227 3540 389 3600 putas,

1612 1913 1689 1953 Mi.
1716 1913 1799 1969 Ego
1825 1918 1864 1956 in
1891 1917 1961 1958 haic
1977 1933 2018 1959 re
2036 1920 2131 1962 nihil

1561 1968 1734 2008 meritum
1753 1983 1812 2008 me
1836 1972 1954 2018 video,
1968 1986 2034 2012 cur
2051 1985 2133 2014 tau·-

1560 2020 1607 2057 tis
1631 2020 1796 2060 laudibus
1809 2037 1870 2061 me
1887 2030 2130 2078 prosequaris,

1561 2070 1699 2124 Hegio.
1735 2073 1830 2114 Meo
1852 2077 1973 2116 officio
1989 2079 2132 2119 satisfa-

1560 2126 1640 2163 cio:
1669 2139 1817 2178 pravum
1847 2128 1983 2169 factum
2015 2132 2037 2169 a
2064 2146 2132 2171 no-

1560 2177 1618 2214 bis
1644 2181 1812 2220 emendo.
1865 2181 1951 2221 Nisi
1982 2197 2042 2222 me
2071 2184 2143 2230 his,

1558 2227 1771 2270 hominibus
1805 2247 2037 2284 annumereS‚
2067 2240 2131 2289 qui

1559 2283 1610 2320 ita
1639 2286 1849 2324 existimant
1875 2302 1915 2325 se
1947 2292 2131 2342 accepisse

1559 2335 1744 2385 injuriam,
1776 2340 1808 2377 si
1831 2340 1991 2391 aliquam
2009 2342 2130 2381 fecere

1558 2388 1650 2439 ipsi3
1680 2392 1818 2441 priores
1847 2404 2060 2443 queruntur,
2092 2405 2133 2434 et

1557 2453 1742 2490 accusant,
1795 2457 1871 2482 non
1938 2450 2129 2498 expectata

1556 2495 1705 2543 querela
1735 2509 1877 2542 eorum,
1903 2500 1967 2549 qui
1998 2500 2129 2550 injurifi

1552 2545 1676 2586 affecti
1705 2558 1815 2586 sunt:
1857 2551 1892 2587 id
1923 2552 2008 2601 quia
2025 2553 2129 2591 simi-

1552 2597 1635 2636 liter
1665 2613 1739 2638 non
1770 2600 1856 2648 feci,
1885 2605 2017 2654 gratias
2049 2607 2127 2645 lau-

1553 2650 1642 2689 dans
1673 2654 1782 2704 agis?
1820 2654 1889 2693 He.
1916 2655 1995 2704 Ah,
2031 2671 2124 2696 neu-

1553 2705 1722 2754 tiquam:
1768 2718 1954 2758 nunquam
1984 2718 2022 2748 te
2053 2712 2128 2749 alio

1553 2756 1718 2807 ingenio,
1768 2771 1811 2796 ac
1849 2768 1892 2798 tu
1931 2775 1985 2810 es,
2031 2762 2125 2803 mihi

1551 2809 1654 2846 finxi.
1694 2808 1782 2848 -Sed
1800 2824 1899 2864 rogo,
1919 2824 1961 2853 ut
1977 2829 2123 2856 mecum

1551 2861 1660 2899 simul
1686 2862 1740 2901 fad
1782 2861 1999 2914 Sostratam,
2045 2881 2124 2907 ma-

1550 2922 1644 2952 trem
1662 2916 1811 2967 virginis
1829 2914 2043 2970 Pamphilae,
2062 2934 2124 2959 ve·

1550 2967 1643 3012 nias,
1663 2966 1805 3015 'Mitio5
1825 2979 1936 3021 atque
1967 2974 2035 3010 ista
2061 2986 2124 3011 ea·

1551 3018 1634 3056 dem
1659 3033 1742 3071 quae
1760 3019 1852 3059 mihi
1868 3025 2036 3071 retulisti,
2063 3038 2124 3063 re-

1550 3069 1663 3109 feras:
1706 3075 1952 3124 suspicionem
1985 3090 2121 3129 nempe

1551 3121 1646 3161 hanc
1665 3124 1710 3163 de
1741 3125 1920 3165 AEschino
1949 3128 2122 3168 accidisse

1551 3186 1702 3228 propter
1727 3176 1874 3222 fratrem
1901 3180 1979 3229 ejus
1998 3179 2120 3222 Ctesi-

1552 3224 1728 3279 phoriem,
1746 3238 1782 3266 et
1804 3227 1901 3268 hiric
1918 3232 2119 3283 fidicinam,

1551 3287 1660 3330 quam
1678 3281 1708 3318 is
1737 3290 1847 3319 amat.
1898 3284 1974 3324 Mi.
2001 3285 2043 3324 Si
2068 3286 2122 3326 ita

1542 3331 1687 3381 justum
1714 3346 1793 3370 esse
1827 3334 2020 3384 arbitraris,
2052 3349 2118 3380 aut

1549 3384 1580 3421 si
1607 3384 1659 3422 ita
1692 3385 1768 3423 fieri
1795 3397 1954 3443 oportet,
1978 3403 2117 3433 eamus.

1550 3435 1622 3474 He.
1651 3435 1766 3474 Recte
1782 3440 1891 3501 agis:
1912 3453 2009 3481 nam
2036 3446 2118 3483 ani·

1551 3499 1653 3526 mum
1671 3489 1849 3529 recreabis
1864 3491 1933 3544 iffi,
1950 3500 2034 3546 quae
2049 3497 2117 3535 tri-

1549 3539 1650 3578 stitia
1667 3549 1705 3580 et
1727 3541 1957 3584 solicitudine
1982 3561 2116 3588 consu-

1549 3591 1684 3640 mitur3
1702 3593 1810 3634 etiam
1825 3605 1867 3636 tn
1884 3598 2044 3638 officium
2062 3601 2119 3640 fe-

1272 3642 1381 3681 ceris:
1408 3642 1472 3683 sed
1488 3643 1640 3685 sialiter
1650 3644 1719 3687 tibi
1734 3646 1876 3691 videtur
1891 3649 2115 3703 faciendum,
