2314 3944
161 205 234 270 74

161 347 234 389 Ρα.
259 346 332 386 Ad'
348 343 530 386 Thaidem
544 348 731 395 accedam,

161 408 202 438 et
229 399 367 490 ῆηῗῐιι
383 414 443 438 me
470 401 511 438 in
537 401 732 452 proesentifi

160 453 293 491 exaudi
322 453 513 490 usnostris
531 454 666 508 egredi.
692 452 769 491 O-

159 502 289 552 Ἥιιιῑε,
307 518 362 542 an·
373 504 584 556 proiectura
601 519 639 543 es
664 506 733 544 ali-

160 557 265 608 qub?
295 558 362 595 ΤΙι.
390 556 505 603 Hem,
536 555 730 606 Parmeno,

159 608 257 647 bene
285 608 404 647 fecisti
430 609 529 660 quod
557 622 655 648 nunc
669 625 730 661 me

119 681 122 687 ‹
161 662 358 708 conveni33
399 673 485 699 nam
522 661 618 700 itura
643 676 730 702 sum

159 711 730 815 ὃῃ’“ὺῑ’ω’“ζέἑηῑ5”·ᾼῗὲῗιξωῖξί;

157 815 283 856 vides?
326 817 604 870 (Thrasonem.)
661 818 730 860 Pa.

159 868 281 908 Video
310 871 360 917 id,
388 884 458 909 nec
479 871 562 919 sine
591 873 727 912 taedio:

158 920 464 975 quandocumque
488 924 597 971 velis,
635 927 731 964 acci-

157 975 239 1027 pies
266 975 363 1014 dona
376 989 462 1028 quae
480 977 598 1015 mittit
622 975 731 1016 Phae-

158 1027 249 1066 ἐπὶ.
289 1028 376 1066 Thr.
402 1026 511 1071 *Quid
526 1027 590 1068 hic
606 1042 732 1068 mane-

159 1080 270 1118 mus?
316 1079 394 1119 Cur
434 1095 512 1119 non
555 1082 726 1121 abimus?

158 1132 229 1171 Pa.
255 1129 334 1171 On>
349 1132 548 1180 mehercle,
563 1143 608 1172 ut
623 1135 733 1174 liceat

159 1184 279 1234 (quod
307 1197 394 1223 eum
422 1187 529 1225 venia
553 1186 620 1225 tua
650 1187 728 1238 flat)

159 1235 294 1276 'fluidi
324 1238 410 1276 dare
438 1251 524 1291 quae
548 1239 732 1287 volumus,

74 1306 78 1313 ·
159 1299 241 1328 eam
258 1290 356 1328 noim
381 1299 420 1329 et
437 1302 529 1329 cum
544 1292 596 1330 e&
619 1292 734 1343 loqui.

161 1342 247 1380 Thr.
272 1338 448 1396 Egtegia,
464 1343 595 1393 credo,
622 1343 733 1392 dona,

159 1392 261 1433 haud
299 1397 433 1434 nostris
481 1398 732 1448 comparanda.

159 1447 230 1484 Pa.
267 1444 324 1485 Re
354 1449 436 1499 ipsa
468 1458 730 1500 cognoscet-1³13

159 1497 270 1546 heus,
281 1499 415 1549 jubete
439 1501 509 1539 ista.
533 1503 731 1553 mancipia,

157 1562 246 1603 qnae
263 1553 373 1603 jussi,
389 1552 484 1591 foms
499 1554 733 1606 prodiresta-

159 1605 241 1643 tim.
292 1603 370 1651 Tu,
398 1606 546 1652 mulier,
576 1607 732 1658 procede

157 1653 247 1694 hnc.
291 1654 387 1696 Haec
405 1671 450 1697 ex
466 1658 658 1711 AEthiopia
670 1674 732 1698 us-

158 1720 233 1760 que
251 1709 400 1749 advecta
416 1719 484 1749 est.
529 1712 616 1750 Thr.
640 1710 733 1751 Tres

158 1763 274 1801 minae
299 1774 367 1815 pro
391 1763 462 1802 hac
491 1763 646 1806 foemina
671 1775 734 1803 ex-

252 1828 285 1852 ae
308 1825 411 1866 sunt.
439 1816 517 1855 G'n.
544 1815 631 1856 Vix.
663 1819 732 1856 Pa.

200 1868 240 1905 bi
270 1875 312 1905 tu
342 1882 397 1916 es,
429 1867 560 1907 Dore?
603 1870 734 1908 accede

158 1918 258 1958 huc:
291 1919 380 1958 hem
403 1920 616 1961 eunuchum
639 1923 733 1969 tibi3

159 1973 272 2024 quam
302 1974 414 2011 vultu
447 1975 627 2026 ingenuo,
657 1989 733 2014 non

157 2025 294 2071 servili,
310 2026 420 2077 quam
437 2026 582 2065 florenti
598 2036 706 2066 aetate
722 2029 732 2066 Σ

160 2078 248 2116 Thr.
271 2077 332 2116 Ita
355 2091 414 2117 me
437 2079 487 2117 dii
505 2089 643 2127 ament,
659 2081 734 2119 ele-

158 2142 251 2182 gans
279 2140 349 2178 est,
369 2140 407 2169 et
422 2131 617 2170 formosus.
663 2135 733 2172 Pa.

159 2181 266 2226 Quid
284 2184 351 2222 tibi
369 2184 525 2232 videtur,
548 2185 728 2224 Gnatho?

159 2233 307 2286 Ecquid
320 2236 490 2274 invenisti
507 2239 606 2289 quod
623 2239 662 2276 in
689 2252 733 2277 eo

158 2290 277 2341 possis
321 2287 614 2340 reprehendere?
661 2290 733 2329 Ta-

157 2351 269 2380 cent:
298 2342 445 2380 silentio
463 2344 551 2381 satis
569 2343 733 2390 laudant,

159 2402 202 2432 et
236 2408 275 2432 se
311 2395 464 2446 probare
499 2396 733 2435 confitentur.

161 2445 219 2484 fac
238 2449 532 2498 experimentum
546 2449 585 2486 in
603 2449 733 2496 literis,

699 202 703 205 ’
741 207 798 260 Ρ.
825 203 1178 263 TERENTII
1211 205 1631 266 EUNUCHUS.

784 348 883 400 Pa.
922 346 1108 412 Adibo,
1124 359 1274 418 atque
1291 348 1616 415 adsimulabo,
1641 353 1778 422 quasi
1800 366 1937 406 nunc
1960 347 2158 406 exe'am.

783 418 988 482 Ituran',
1005 418 1177 482 Thais,
1192 419 1431 488 quopiam
1455 421 1545 472 es?
1590 422 1684 474 Th..
1704 423 1870 488 ehem,
1894 424 2157 488 Parmeno,
2188 462 2196 468 ·

782 488 925 541 Bene
946 491 1033 557 pol
1070 489 1264 541 fecisti:
1302 490 1451 542 hodie
1474 490 1618 543 itura.
1672 491 1777 546 Pa.
1811 495 1945 564 quo?
1990 495 2084 545 Th.
2104 510 2195 545 ec·
2273 524 2278 534 ·

858 571 864 580 ·
920 559 1045 628 quid
1065 558 1205 611 hunc
1228 560 1396 612 vides?
1764 577 1767 580 “
1983 564 1986 567 ’
2126 567 2193 614 10

783 628 888 680 Ρα.
924 629 1102 693 Video,
1126 639 1177 681 et
1201 647 1282 681 me
1304 631 1489 683 taedet:
1526 631 1613 683 ubi
1635 631 1723 696 vis,
1747 632 1876 685 dona
1897 635 2076 686 adsunt
2099 633 2194 684 tibi

780 702 834 757 A*
849 699 1094 752 Phaedria.
1125 700 1246 752 Thr.
1265 701 1384 770 quid
1407 703 1626 753 stamus?
1655 719 1744 753 cur
1764 704 2013 756 nouimus
2037 704 2192 768 hinc?

782 771 884 822 Pa.
922 771 1115 827 Quaeso
1134 771 1301 822 hercle
1322 782 1381 823 ut
1404 772 1568 836 liceat,
1586 790 1710 842 pace
1734 773 1867 841 quod
1886 774 1975 826 fiat
1995 778 2102 838 tua,

781 841 918 893 Da-re
936 842 1055 893 huic
1075 858 1189 910 quae
1212 844 1456 906 volumuS,
1478 843 1742 897 conveni-re
1767 852 1818 893 et
1833 845 2084 914 colloqui..

790 912 908 963 Thr.
933 912 1217 981 Perpulcra,
1236 913 1400 977 credo,
1418 915 1565 976 dona,
1589 914 1724 964 haud
1741 914 1918 965 nostris
1936 915 2138 966 similia.
2153 934 2155 937 ⁴

782 982 888 1034 Pa.
928 982 1027 1034 Res
1050 983 1307 1035 indicabit.
1341 984 1481 1048 heus»,
1497 983 1673 1053 jubete
1697 985 1814 1035 istos
1835 985 1964 1036 foras
2126 986 2195 1036 ,16

781 1053 953 1117 Exire,
977 1071 1098 1122 quos
1108 1054 1253 1124 jussi,
1275 1056 1428 1124 ocyus
1451 1055 1663 1124 procede
1685 1065 1742 1106 tu
1767 1055 1883 1106 huc.
2070 1057 2195 1123 [πω.

783 1124 865 1176 Ex
889 1124 1151 1194 AEthiopia
1171 1134 1244 1175 est
1260 1143 1417 1195 usque
1439 1127 1565 1177 haec.
1597 1126 1717 1177 Thr.
1740 1126 1826 1176 hic
1844 1134 1961 1176 sunt
1982 1134 2080 1176 tres
2099 1126 2197 1178 mi-

789 1195 887 1247 G‘n.
923 1195 1038 1246 Vix.
1065 1195 1168 1247 Pa.
1195 1196 1282 1246 ubi
1310 1206 1363 1247 tu
1391 1214 1458 1261 eS,
1482 1197 1654 1248 Dore?
1694 1197 1877 1247 accede
1901 1197 2002 1247 huc
2020 1215 2036 1250 >z
2078 1196 2198 1248 hem

926 1266 1216 1317 eunuchum
1232 1267 1332 1318 'tibi
1348 1287 1364 1332 3
1900 1304 1904 1308 -
2141 1270 2147 1277 '

786 1335 956 1391 Quam
981 1336 1176 1388 liberali
1199 1337 1345 1401 facie,
1370 1340 1521 1406 quam
1546 1345 1691 1388 aetate
1714 1338 1908 1407 integra
2129 1341 2200 1387 20

793 1404 913 1459 Thr.
949 1407 1026 1459 Im
1050 1424 1133 1458 me
1158 1409 1210 1459 di
1231 1418 1420 1474 ament,
1442 1409 1678 1460 honestus
1699 1419 1798 1463 est.
1869 1408 1974 1478 Pa„
1991 1406 2119 1475 quid
2141 1416 2198 1458 tu

927 1478 1014 1542 εἰς,
1039 1478 1282 1541 Gnatho?
1942 1478 2193 1547 [Thrasoi

783 1546 1030 1619 Nunquid
1064 1549 1235 1614 habeS,
1270 1549 1404 1618 quod
1428 1508 1766 1601 contemnasd
1789 1548 1912 1618 quid
1931 1557 1999 1600 tu
2013 1559 2201 1612 autem,
2248 1594 2254 1598 ,

783 1618 1006 1686 Tacent:
1044 1619 1159 1671 satis
1183 1620 1401 1672 laudant.
1421 1621 1501 1670 fac
1526 1621 1768 1689 periclum
1795 1620 1846 1671 in
1866 1619 2038 1684 liter-ie,

784 1689 887 1741 Fac
912 1690 966 1742 in
986 1690 1230 1760 palaestra,
1255 1691 1305 1743 in
1331 1690 1565 1742 musicis:
1604 1709 1717 1761 quae
1741 1690 1956 1742 liberum
2028 1703 2029 1706 ’

786 1760 926 1812 Scire
951 1780 1151 1831 aequum
1178 1772 1252 1813 est
1275 1763 1658 1826 adolescentem,
1677 1764 1907 1813 solertem
1931 1761 2076 1811 dabo.
2129 1763 2197 1810 25

793 1830 911 1883 Thr.
937 1830 1051 1900 Ego
1075 1833 1222 1884 illum
1247 1833 1556 1896 eunuchum,
1579 1833 1621 1884 si
1645 1833 1708 1884 sit
1726 1849 1870 1901 opuS,
1893 1832 1974 1882 vel
1995 1829 2201 1882 sobrius.

786 1900 891 1953 Pa.
927 1903 1095 1972 Atque
1114 1904 1225 1954 haec
1245 1904 1331 1972 qui
1355 1903 1509 1967 misit,
1531 1903 1749 1955 nonsibi
1767 1903 1859 1953 soli
1878 1902 2100 1971 postulat

784 1972 860 2024 Te
879 1972 1060 2038 vivere,
1089 1983 1140 2024 et
1162 1977 1250 2025 sua
1268 1977 1416 2025 causa
1438 1974 1638 2025 excludi
1664 1983 1894 2024 caeteros:

785 2045 968 2112 Neque
993 2063 1185 2113 pugnas
1210 2054 1398 2109 narrat„
1413 2062 1578 2113 neque
1603 2043 1860 2096 cicatrices
1881 2060 1992 2096 suas

786 2114 1034 2179 ostentat,
1059 2132 1222 2185 neque
1246 2115 1338 2166 tibi
1361 2116 1550 2166 obstat:
1588 2115 1721 2184 quod
1746 2114 1949 2184 quidam
1972 2111 2110 2166 facit.
2131 2117 2203 2164 30

783 2185 991 2249 Verum,
1010 2186 1097 2236 ubi
1116 2188 1382 2238 molestum
1403 2204 1503 2237 non
1529 2185 1641 2250 erit,
1658 2185 1750 2237 ubi·
1769 2196 1822 2235 tu
1843 2187 1994 2246 voleS‚

786 2256 891 2307 Ubi
911 2265 1110 2325 tempus
1134 2257 1227 2308 tibi
1249 2257 1358 2322 erit,
1381 2265 1455 2308 sat
1478 2257 1627 2308 habet
1646 2257 1688 2307 si
1710 2265 1817 2308 tum
1845 2255 2096 2324 recipitur.

792 2325 914 2378 Thr.
949 2329 1172 2396 Apparet
1195 2346 1386 2379 servom
1414 2327 1552 2379 hunc
1574 2345 1682 2378 esse
1705 2325 1898 2378 domini
1921 2324 2151 2394 pauperis

786 2398 1080 2468 Miserique.
1121 2399 1218 2450 Gn.
1244 2417 1362 2449 nam
1387 2399 1555 2450 hercle
1592 2415 1743 2457 nemo
1783 2405 1961 2465 posset,
1986 2407 2060 2447 sat
2082 2395 2203 2462 scie,

163 2498 237 2537 Fac
263 2501 302 2537 in
319 2500 566 2552 palaestrQin
584 2503 733 2540 musicis
751 2505 967 2556 praeceptis:
995 2505 1155 2555 peritum
1182 2513 1221 2542 et
1243 2504 1463 2543 industrium
1480 2504 1749 2542 adolescentem
1771 2516 1850 2541 esse
1872 2501 2067 2556 praestabo.
2119 2501 2210 2540 Thr.

86 3477 95 3484 .
166 3460 211 3484 us
224 3448 398 3498 corporis,
415 3462 524 3500 quem
539 3448 636 3486 Galli
652 3458 797 3494 vocant,
815 3449 1162 3497 ConlenaanAng.

159 2549 369 2603 Ego‘illum
387 2551 614 2600 eunuchum,
631 2555 689 2592 vel
708 2569 783 2594 non
798 2565 907 2608 potus
926 2566 964 2594 et
981 2557 1117 2604 ebrius,
1138 2557 1167 2594 si
1181 2558 1230 2595 sit
1247 2570 1352 2608 opus.
1397 2557 1467 2595 Ρα.
1486 2556 1627 2607 Atque,
1645 2558 1669 2594 ὁ
1684 2554 1814 2602 Thais,
1832 2556 1862 2592 is
1877 2555 1943 2605 qui
1960 2552 2040 2592 hoec
2052 2559 2208 2592 munera

122 2622 124 2625 ·
160 2605 232 2642 tibi
249 2606 377 2653 mittit,
397 2619 472 2644 non
487 2620 553 2658 pro
565 2606 623 2644 his
639 2608 747 2659 petit,
764 2618 803 2646 te
822 2609 893 2646 sibi
920 2609 987 2647 soli
1005 2623 1144 2656 vacare,
1163 2619 1200 2647 et
1227 2609 1316 2648 alios
1335 2618 1512 2647 amatores
1531 2617 1615 2647 tuos
1634 2608 1835 2659 expellere:
1862 2619 1983 2657 neque
2001 2619 2067 2645 sua
2082 2605 2208 2659 praelia

155 2656 317 2706 jactitat,
338 2671 458 2709 neque
476 2660 677 2708 cicatrices,
695 2661 792 2710 quod
809 2661 1069 2712 quidam⁴facit
1096 2661 1251 2713 (Thraso
1279 2661 1448 2713 nempe),
1460 2675 1581 2713 neque
1609 2661 1767 2713 impedit
1781 2660 1979 2710 quominus
2003 2658 2144 2697 lucrum
2161 2670 2208 2697 ex

160 2711 304 2748 eaeteris
317 2710 439 2749 facias.
453 2713 579 2751 verum
597 2712 823 2752 satisfactum
837 2714 905 2752 sibi
926 2727 1004 2752 esse
1022 2715 1230 2761 arbitratur,
1246 2716 1277 2753 si
1294 2728 1380 2752 eum
1397 2714 1582 2761 admittas,
1600 2714 1744 2764 quando
1758 2713 1827 2750 tibi
1842 2725 1916 2750 non
1934 2710 2206 2750 incommodum

162 2763 247 2809 erit,
265 2765 411 2814 quando
438 2765 604 2804 voluntas
621 2775 686 2804 tua
702 2765 796 2804 feret
814 2775 852 2804 et
878 2769 1147 2819 opportunitas.
1202 2768 1290 2806 Thr.
1318 2765 1392 2805 Hic
1419 2780 1541 2804 seryus
1565 2765 1710 2804 videtur
1727 2763 1862 2804 habere
1879 2774 2077 2817 pauperem
2090 2761 2206 2802 domi·

161 2825 269 2865 num,
287 2817 546 2874 miserumque.
603 2818 680 2858 Gn.
707 2818 765 2858 Ita
780 2818 1007 2866 mehercule,
1037 2833 1147 2859 nemo
1165 2820 1265 2858 enim
1284 2829 1407 2872 posset
1425 2818 1526 2858 hunc
1543 2819 1607 2858 diu
1624 2818 1790 2866 tolerare,

962 3026 1077 3067 ANN
1083 3025 1400 3066 OTATIONES.

1211 3133 1312 3178 bant,
1346 3130 1578 3169 habebantur
1606 3128 1844 3167 indoctiores:
1874 3135 1915 3165 ut
1940 3124 2210 3169 Themistocles

1213 3184 1361 3222 habitus
1382 3184 1469 3227 fuit,
1496 3184 1581 3219 εἰιηι
1614 3183 1652 3219 in
1678 3181 1844 3218 convivio
1869 3179 1982 3231 lyram
1999 3178 2208 3217 recusasset.

1213 3236 1289 3274 Sed
1321 3232 1610 3287 Epaminondas,
1646 3233 1825 3271 referente
1850 3232 2043 3278 Cicerone,
2075 3231 2209 3269 fidibus

1212 3289 1383 3340 praeclari:
1415 3287 1581 3325 canebat.
1635 3285 1782 3324 Musica
1813 3285 1873 3322 illa
1899 3286 2018 3337 prisca
2043 3283 2210 3336 plurimi·

1214 3341 1350 3379 abhinc
1369 3341 1474 3378 annis
1494 3353 1567 3376 non
1587 3348 1756 3389 corrupta
1774 3339 1935 3384 tantum,
1948 3337 2012 3374 sed
2029 3336 2042 3373 i
2095 3344 2209 3382 orata,

1215 3403 1253 3431 et
1269 3395 1429 3431 extincta
1446 3401 1499 3430 est
1514 3406 1522 3428 :
1552 3390 1644 3429 nihil
1659 3392 1756 3429 enim
1769 3391 1847 3439 jam
1863 3402 1976 3441 prope
2064 3400 2128 3426 um
2146 3386 2210 3425 hn-

1215 3447 1301 3484 bere
1316 3447 1469 3491 videtur,
1486 3454 1616 3495 praeter
1630 3444 1743 3481 levem
1763 3444 1905 3480 aurium
1917 3440 2211 3479 delectationem.
2238 3475 2243 3479 .

166 3498 420 3545 BEHAvxouR,
449 3502 552 3550 cujus
572 3512 827 3553 praeceptores,
854 3501 1045 3553 palaestrici
1073 3515 1164 3550 quo-
1218 3499 1401 3537 Coerertrm
1421 3498 1572 3542 musica,
1592 3497 1793 3540 dialectica,
1811 3493 1990 3532 rhetorica
2007 3494 2092 3553 cum
2120 3504 2211 3552 nen-

168 3566 242 3602 que
261 3553 347 3590 dicti
357 3571 367 3598 3
397 3562 435 3591 et
448 3555 521 3604 ¹‘qui
547 3552 659 3602 hujus
678 3555 793 3605 ignari
822 3563 939 3601 erant,
962 3553 1165 3605 apalaestr'13
1217 3561 1276 3590 tro
1291 3564 1425 3604 genere
1440 3551 1624 3595 dicuntur,
1639 3550 1677 3586 in
1695 3547 1840 3600 plurali,
1854 3554 2035 3599 praecepta
2049 3544 2111 3582 illa
2126 3551 2214 3582 aru·

167 3606 293 3655 itaque
311 3604 407 3643 hanc
438 3606 590 3658 ingenui
618 3608 721 3657 pueri
750 3606 989 3652 docebantur,
1016 3607 1055 3643 >et
1086 3619 1164 3651 orir-
1217 3618 1280 3642 um
1300 3605 1519 3656 significant.
1968 3649 1977 3659 ι
2034 3649 2043 3658 ·

167 3659 239 3696 tori
262 3659 440 3709 imprimis
470 3660 714 3697 necessarium
733 3672 811 3697 esse
830 3660 958 3697 scribit
984 3657 1163 3701 Quintili-
1268 3663 1317 3695 26
1345 3656 1390 3696 Si
1407 3658 1453 3693 sit
1468 3667 1569 3708 opus,
1586 3656 1642 3691 vel
1661 3650 1824 3701 sobrius]
1877 3649 2066 3688 Orationi·
2082 3644 2211 3686 defec-

161 3706 270 3749 anns.
1214 3715 1275 3748 tus
1290 3708 1468 3749 honestus
1487 3707 1768 3746 obscoenitatem
1785 3701 2029 3743 dissumulat.

218 3763 267 3801 In
283 3761 458 3814 musicis]
510 3761 558 3803 In
575 3759 720 3803 Graecia
738 3765 802 3815 qui
827 3764 1003 3804 musicam
1020 3764 1164 3802 nescie-

151 3156 153 3160 -
218 3139 265 3170 18
296 3130 373 3171 Hic
391 3137 477 3170 sunt
495 3138 563 3170 tres
584 3133 721 3183 minoe.]
778 3132 976 3172 Talentum
991 3132 1158 3172 Atticum

161 3183 321 3223 habebat
347 3189 398 3222 60
430 3185 558 3223 minas.
613 3184 722 3223 Valet
747 3195 938 3224 sexcentos
967 3196 1158 3223 coronatos

156 3246 322 3284 nostres,
350 3237 388 3275 id
412 3247 481 3282 est,
510 3245 610 3276 1800
628 3238 737 3277 libras
750 3238 1006 3277 Turonenses:
1038 3239 1160 3289 itaque

162 3290 265 3337 mina
281 3284 378 3339 valet
394 3297 444 3329 30
463 3290 572 3328 libras
586 3289 833 3329 Turonenses.

220 3350 270 3381 24
298 3343 345 3381 In
356 3341 564 3396 palaestrdl]
622 3341 791 3381 Palaestra
816 3343 947 3381 Graece
965 3344 1159 3381 luctaest:

158 3396 346 3446 ‘accipitur
364 3397 475 3434 etiam
493 3409 560 3447 pro
578 3395 722 3434 decenti
742 3406 860 3442 motu,
877 3405 1058 3447 gestuque
1074 3396 1163 3432 toti-
