2314 3944
1116 142 1186 189 99

498 262 909 346 ACTUS
962 278 1051 347 v.
1152 235 1576 348 s'cENA
1626 281 1797 350 VII.

748 390 1083 443 PYTHIAS.
1155 367 1533 445 PARMENO.

112 503 212 572 Py.
249 501 547 562 NUNQUAM
586 504 782 572 aedepol
820 503 1095 573 quidquam
1125 500 1234 572 jam
1268 503 1371 568 diu,
1410 505 1544 574 quod

253 574 412 642 magis
439 576 620 626 vellem
647 575 865 638 evenire,
1338 574 1541 643 [erranS.

35 703 40 707 .
109 643 192 694 Mi
212 644 395 708 evcnit,
407 647 556 714 quam
581 646 714 714 quod
731 645 882 697 modo
896 662 1049 696 senex
1068 644 1199 696 intro
1218 644 1280 696 ad
1297 662 1386 696 nos
1402 647 1542 698 venit

107 713 248 765 Mihi
271 718 391 767 solae
409 716 621 768 ridiculo
642 717 753 781 fuit,
774 720 907 785 quae,
926 716 1046 785 quid
1065 716 1282 780 timeret,
1299 716 1538 769 sciebam.

108 785 214 837 Pa.
251 782 390 841 Quid
427 787 525 839 hoc
562 799 732 839 autem
771 789 878 839 est?
954 788 1055 856 Py.
1095 787 1309 838 nuncid
1333 789 1538 857 prodeo,

247 867 306 908 ut
330 859 629 911 conveniam
651 859 1038 911 Parmenonem.

106 926 207 979 Sed
232 929 320 981 ubi
346 931 551 982 obsecro
570 931 679 981 est?
755 929 860 980 Pa.
897 945 984 980 me
1002 928 1182 999 quaerit
1207 928 1356 982 haec?
1431 932 1530 1000 Py.

246 1009 397 1070 atque
421 1019 599 1053 eccum
626 1001 801 1052 video:
839 1000 1004 1052 adibo.
1500 1010 1531 1055 5

104 1070 209 1123 Pa.
248 1071 387 1127 Quid
426 1083 515 1138 est,
554 1073 757 1140 inepta?
797 1071 918 1141 quid
947 1071 1041 1123 tibi
1063 1071 1172 1124 vis?
1209 1073 1333 1141 quid
1366 1073 1529 1126 rides?

243 1143 468 1212 pergin'?
517 1145 613 1212 Py.
641 1142 798 1212 perii:
1162 1143 1280 1214 [Py.
1309 1145 1529 1219 rogitas?

100 1212 310 1266 Defessa
322 1213 431 1284 jam
451 1228 564 1266 sum
590 1214 769 1265 misera
786 1223 837 1264 te
859 1213 1087 1266 ridendo,
1128 1213 1234 1266 Pa.
1258 1215 1399 1271 Quid
1426 1217 1528 1268 ita?

100 1286 378 1354 Nunquam
402 1287 486 1355 pol
512 1285 773 1337 hominem
799 1286 1081 1338 stultiorem
1107 1285 1226 1352 vidi,
1264 1299 1360 1338 ne'c
1389 1288 1530 1340 vide-

242 1358 326 1410 bo.
350 1355 416 1408 ah
435 1355 454 1408 !·
1297 1368 1303 1381 ⁴

97 1426 215 1478 Non
242 1439 358 1496 pote
384 1427 500 1480 satis
525 1427 728 1492 narrari,
766 1447 890 1497 quos
914 1429 1057 1481 ludos
1080 1429 1352 1499 praebueris
1377 1429 1527 1482 intus,

98 1500 167 1550 At
213 1500 365 1551 etiam
425 1500 591 1568 primo
650 1499 891 1552 callidum
940 1511 992 1551 et
1039 1501 1280 1553 disertum
1336 1502 1526 1553 credidi

239 1570 518 1622 hominem.
1169 1573 1415 1642 [oportuit
1438 1574 1523 1625 te?

95 1640 198 1691 Pa.
241 1641 416 1696 Quid?
495 1643 592 1710 Py.
643 1642 848 1694 illicone
888 1643 1089 1696 credere
1130 1661 1206 1707 ea,
1245 1663 1360 1714 quae
1402 1637 1523 1709 dixi}

93 1713 175 1761 An
199 1714 478 1778 poenitebat
501 1714 695 1783 flagitii,
721 1724 771 1765 te
796 1724 998 1767 auctore
1024 1715 1158 1784 quod
1184 1717 1380 1768 fecisset
1458 1721 1522 1767 12

94 1783 418 1849 Adolescens,
457 1785 509 1837 ni
545 1785 783 1837 miserum
810 1786 1014 1856 insuper
1048 1786 1202 1838 etiam
1235 1788 1365 1856 patri
1388 1787 1522 1839 indi-

238 1872 372 1907 cares
391 1857 408 1908 ?
1377 1859 1522 1928 [vidit

0 1984 12 1996 ἱ
92 1924 374 1995 Nam2quid
408 1928 484 1979 illi
520 1927 680 1980 credis
705 1927 865 1981 animi
888 1938 998 1980 tum
1026 1928 1192 1992 fuisse,
1217 1929 1304 1981 ubi
1330 1941 1517 1982 vestem

89 1995 238 2048 Illam
269 2015 374 2050 esse
402 2017 522 2051 eum
549 1999 782 2052 indutum
815 2002 988 2070 pater?
1029 2000 1185 2069 quid?
1216 2000 1326 2071 jam
1350 2001 1444 2053 scis
1464 2011 1520 2051 te

231 2069 468 2138 periisse?
703 2076 713 2082 ’
1455 2078 1517 2126 15

89 2138 196 2192 Ρα.
232 2140 420 2206 Ehem,
457 2141 578 2210 quid
614 2141 755 2206 dixti,
792 2142 1056 2210 pessuma?
1097 2161 1161 2194 an
1196 2142 1409 2195 mentita
1434 2146 1518 2196 es?

231 2211 383 2264 etiam
403 2213 560 2264 rides?
1139 2215 1258 2282 [Py.
1283 2215 1519 2268 nimium.

86 2280 218 2332 Itan'
256 2283 482 2351 lepidum
517 2283 610 2335 tibi
644 2283 805 2334 visum
840 2294 928 2348 est,
958 2285 1136 2348 scelus,
1163 2304 1250 2336 nos
1275 2285 1513 2338 irridere?

86 2352 194 2404 Pa.
219 2353 479 2424 Siquidem
507 2355 634 2416 istuc
660 2355 867 2424 impune
893 2355 1139 2408 habueris,
1191 2358 1296 2427 Py.
1322 2359 1513 2411 verum.

230 2425 331 2476 Pa.
355 2427 558 2477 reddam
585 2426 772 2478 hercle.
812 2426 914 2495 Py.
944 2427 1128 2479 credo:
1303 2427 1512 2496 [nitar-e:

87 2494 189 2546 Sed
214 2495 267 2546 in
292 2497 428 2548 diem
454 2498 598 2561 istuc,
625 2498 887 2560 Parmeno,
913 2511 986 2549 est
1010 2500 1230 2562 fortasse,
1254 2501 1389 2567 quod
1416 2501 1513 2552 mi-

84 2566 186 2617 Tu
210 2565 317 2636 jam
367 2569 623 2635 pendebiS‚
676 2570 763 2638 qui
813 2571 1024 2621 stultum
1080 2571 1510 2623 adolescentulum

228 2639 460 2691 nobilitas
1442 2648 1514 2694 20

84 2707 329 2778 FlagitiiS,
369 2722 419 2762 et
462 2711 681 2763 eundem
725 2711 946 2765 indicas:
983 2720 1195 2782 uterque
1233 2712 1286 2764 in
1329 2721 1380 2764 te
1424 2732 1512 2765 ex·-

223 2783 391 2851 empla
416 2783 547 2835 edet.
816 2788 820 2797 '

86 2849 191 2903 Pa.
229 2852 414 2905 Nullus
439 2873 574 2906 sum.
646 2855 746 2923 Py.
785 2855 872 2906 hic
915 2873 1007 2924 pro
1043 2855 1135 2907 illo
1169 2873 1379 2907 munere
1417 2855 1510 2907 tibi

222 2923 380 2975 honos
405 2936 478 2976 est
502 2926 732 2979 habitus:
781 2928 921 2978 abeo,
1346 2926 1508 2995 [perii.

85 2991 192 3047 Pa.
231 2994 453 3064 Egomet
473 3015 589 3050 meo
612 2998 801 3050 indicio
819 2998 986 3062 miser,
1011 2998 1151 3068 quasi
1176 3014 1336 3062 soreX,
1359 2998 1508 3049 hodie

1646 506 1722 558 Py.
1778 505 1983 560 Nunquam
2032 509 2173 562 aedepol

1595 560 1792 609 quicquam
1820 561 2038 611 jucundius,
2070 565 2170 613 quod

1595 613 1711 664 magis
1746 612 1841 651 mihi
1873 624 2038 666 optarem
2073 617 2170 653 acci-

1594 663 1702 718 dere,⁴
1713 679 1876 717 unquam
1902 668 2035 705 accidit
2059 671 2171 718 quam

1594 717 1693 765 quod
1733 718 1844 758 modo
1880 733 1990 757 senex
2023 718 2169 758 Laches

1593 769 1692 806 intro
1710 770 1861 810 demum
1886 773 1931 810 ad
1959 786 2024 810 nos
2050 775 2169 820 venit,

1591 819 1683 858 falso
1709 825 1921 862 existimans
1955 826 2073 863 filium
2106 840 2175 863 su-

1590 886 1656 910 um
1674 887 1751 913 esse
1769 879 2023 916 constrictum.
2085 877 2169 917 Sol-i

1590 925 1684 965 mihi
1724 929 1838 966 risum
1877 931 2049 981 praeluxit,
2081 945 2174 983 quae·-

1590 991 1751 1028 causam,
1781 994 1847 1019 cur
1874 993 2069 1029 metueret,
2097 998 2166 1023 no-

1588 1045 1721 1071 veram.
1793 1036 1864 1074 Pa.
1904 1035 2008 1079 Quid
2039 1047 2167 1075 autem

1587 1082 1659 1122 hoc
1682 1090 1752 1132 est,
1781 1089 1880 1138 quod
1907 1089 2073 1139 loquitur
2095 1089 2169 1142 Py-

1585 1135 1710 1175 thias?
1768 1143 1840 1192 Py.
1870 1139 1986 1179 Nunc
2013 1153 2166 1194 propter

1585 1190 1623 1227 id
1647 1191 1785 1243 prodeo
1811 1193 1921 1241 foras,
1947 1204 1990 1232 ut
2016 1193 2167 1233 Parme-

1583 1256 1719 1282 nonem
1753 1245 1878 1284 adeam
1912 1257 1950 1284 et
1986 1248 2164 1299 alloquar.

1583 1293 1658 1334 Sed
1673 1297 1738 1335 ubi
1756 1313 1881 1349 quaeso
1893 1301 1977 1338 est?
2009 1301 2078 1338 Pa.
2097 1302 2167 1339 An·

1583 1362 1643 1386 me
1662 1353 1812 1400 quaerits
1820 1351 1929 1390 haec?
1987 1354 2060 1405 Py.
2087 1353 2160 1392 At·

1581 1415 1656 1452 que
1669 1416 1756 1441 ecce
1769 1417 1853 1442 eum
1864 1405 1974 1443 video
1987 1420 1995 1441 τ
2012 1407 2056 1444 ad
2069 1420 2157 1445 eum

1581 1455 1656 1494 ibo.
1722 1457 1790 1495 Pa.
1819 1456 1924 1500 Quid
1955 1467 2027 1505 est,
2059 1461 2159 1497 insa-

1581 1509 1657 1545 na?
1699 1511 1789 1560 quid
1820 1507 1890 1548 tibi
1934 1511 2016 1549 vis?
2065 1514 2156 1563 quid

1579 1569 1655 1598 tam
1688 1562 1804 1601 effuse
1833 1563 1956 1602 rides?
1990 1577 2159 1614 persev-0⁴

1578 1627 1684 1652 rasne
1722 1616 1866 1655 ridere?
1939 1617 2014 1668 Py.
2059 1617 2154 1657 Risu

1577 1668 1734 1705 morior:
1764 1669 1941 1707 delassata
1966 1684 2051 1708 sum
2082 1673 2157 1709 mi-

1565 1714 1653 1757 'sera'
1667 1721 1745 1770 jam
1763 1732 1800 1759 te
1820 1723 2029 1760 deridendo.
2084 1725 2159 1764 Pa.

1575 1770 1679 1815 Quid
1698 1774 1774 1813 ita?
1833 1777 1904 1827 Py.
1927 1774 2154 1819 Quaerisue?
2209 1818 2213 1822 ,

1576 1838 1666 1864 num
1677 1827 1822 1879 ignoras
1836 1829 1851 1865 ?
1883 1841 2074 1879 nunquam
2088 1830 2157 1882 pol

1573 1891 1782 1930 quenquam
1811 1882 2034 1933 ineptiorem
2064 1896 2154 1935 cog-

1574 1944 1656 1970 novl
1671 1946 1738 1970 nec
1749 1938 1982 1986 cognoscam.
1998 1933 2076 1983 Ah,
2087 1949 2156 1973 ne-
2228 1982 2229 1989 ἵ

1574 1998 1672 2035 queo
1699 1987 1784 2024 satis
1813 1987 1932 2025 verbis
1951 2001 2153 2039 exponere,

1573 2050 1665 2088 quos
1690 2052 1784 2077 risus
1813 2042 2028 2079 excitaveris
2048 2042 2151 2079 intus

1572 2091 1612 2127 in
1635 2091 1789 2131 nedibus.
1827 2093 1953 2144 Atqui*
1974 2095 2093 2145 primo
2111 2101 2153 2142 te

1576 2155 1741 2191 cautum,
1775 2145 2063 2197 intelligentem,
2109 2156 2150 2185 et

1576 2195 1773 2235 facundum
1810 2212 1889 2237 esse
1933 2200 2154 2239 existimavi.

1574 2249 1644 2286 Pa.
1723 2251 1812 2289 uid?
1882 2252 1954 2303 Py.
1982 2251 2044 2290 An
2078 2262 2152 2291 sta-

1569 2303 1638 2339 tim
1673 2303 1695 2340 fi
1747 2317 1783 2341 m
1820 2303 1995 2342 adhibere
2038 2305 2148 2343 dictis

1570 2355 1663 2393 meis
1690 2356 1874 2394 debuisti?
1914 2359 1977 2396 An
2003 2367 2041 2395 te
2063 2371 2146 2409 poe—

1571 2406 1715 2446 uitebat
1745 2409 2073 2461 flagitium„quod
2105 2422 2144 2448 te

1569 2461 1769 2511 impulsore
1794 2464 2040 2500 commisisset
2058 2463 2146 2501 ado-

1568 2513 1708 2552 lesccn's
1734 2513 1903 2560 Chaerea,
1933 2516 2045 2553 nimis
2062 2516 2144 2554 leve

1566 2567 1696 2613 fuisse,
1734 2569 1805 2604 nisi
1841 2567 2001 2618 amplius
2032 2570 2144 2607 mise·

1566 2616 1770 2657 rum‘illum
1798 2622 1891 2672 patri
1910 2622 2079 2672 proderes
2102 2632 2140 2660 et

1566 2671 1753 2710 deferres?
1811 2672 1909 2711 Nam
1955 2676 2142 2725 quomodo

1566 2738 1652 2762 eum
1679 2725 1850 2763 affectum
1880 2725 1993 2764 fuiss‘e
2018 2737 2144 2779 putas,

1566 2778 1630 2815 ubi
1660 2791 1698 2814 se
1723 2778 1819 2816 videt
1843 2780 1864 2816 a
1889 2788 1989 2831 patre
2014 2781 2145 2832 depre-

1566 2827 1724 2869 hensum
1756 2845 1850 2878 esse,
1883 2833 1923 2869 in
1947 2833 2009 2870 illa
2039 2843 2141 2872 veste

1563 2882 1754 2922 eunuchi?
1787 2882 1889 2927 Quid
1910 2886 1991 2924 est?
2018 2888 2140 2924 scisne

1563 2937 1608 2974 de
1627 2937 1750 2986 tejam
1765 2949 1887 2975 actum
1903 2938 2012 2976 esse?
2067 2940 2141 2977 Pa.

1563 2988 1687 3027 Hem!
1717 2991 1805 3040 quid
1827 2990 1966 3037 dixisti,
1985 2991 2140 3029 deterri·

1562 3043 1651 3080 ma?
1693 3042 1756 3080 An
1784 3044 1945 3080 mentitas
1969 3057 2021 3090 cs,
2052 3047 2138 3082 etun

79 3090 174 3130 mihi
192 3093 317 3132 dixisti
335 3093 523 3134 Chaeream
543 3096 563 3134 a
581 3095 779 3135 Chremete
799 3097 1012 3150 colligatum
1037 3095 1175 3135 fuisse?
1204 3095 1329 3135 Etiam
1344 3097 1466 3148 pergis
1484 3095 1629 3134 ridere?
1660 3093 1766 3132 Itane
1793 3097 1929 3133 urbana
1948 3090 1992 3132 ⁴et
2014 3097 2136 3147 lepida

78 3145 277 3184 existimari
291 3147 454 3193 voluisti,
470 3148 636 3196 scelesta,
655 3151 686 3187 si
706 3163 773 3187 nos
792 3149 951 3188 ludibrio
970 3149 1152 3188 haberes?

1274 3178 1281 3186 .
1298 3147 1415 3187 Valde
1433 3148 1504 3186 hoc
1521 3151 1634 3186 visum
1652 3157 1709 3185 est
1724 3146 1814 3185 mihi
1834 3148 2009 3200 lepidum.
2063 3150 2137 3188 Pa.

79 3195 122 3234 Si
140 3198 290 3248 quidem
309 3200 346 3237 id
365 3201 524 3239 inultum
546 3203 688 3248 tuleris,
716 3213 796 3241 tum
823 3203 972 3242 demum
997 3203 1035 3241 id
1055 3203 1216 3254 lepidum
1237 3202 1307 3240 tibi
1331 3202 1445 3239 videri
1473 3202 1584 3239 dicas.
1639 3201 1710 3251 Py.
1739 3197 1858 3242 Quasi
1877 3202 1960 3238 vero
1979 3201 2016 3239 id
2033 3200 2137 3240 valde

79 3259 255 3293 metuam.
310 3253 379 3290 Pa.
400 3252 469 3292 Par
487 3255 556 3293 tibi
575 3254 698 3294 hercle
717 3255 886 3294 referam.
940 3257 1012 3307 Py.
1040 3254 1183 3294 Credo:
1213 3255 1276 3293 sed
1296 3255 1334 3292 in
1354 3254 1502 3307 longam
1521 3255 1620 3292 diem
1639 3251 1737 3290 forte
1751 3254 1891 3291 accidet
1909 3253 2015 3299 illud,
2035 3254 2136 3304 quod

78 3302 189 3340 nobis
209 3303 407 3342 minitaris:
436 3314 478 3343 tu
493 3307 571 3355 jam
590 3309 755 3359 pendens
770 3311 791 3346 ὲ
807 3308 910 3347 trabe
923 3307 1130 3360 vapulabis,
1145 3308 1209 3359 qui
1226 3307 1496 3358 imprudentem
1516 3306 1786 3344 adolescentem
1803 3315 2009 3357 spectatum
2024 3317 2061 3343 et
2075 3307 2135 3344 in·

75 3355 220 3406 signem
239 3355 390 3408 flagitiis
408 3359 544 3405 reddis,
565 3370 602 3397 et
618 3360 778 3398 eundem
804 3362 915 3399 etiarn
943 3361 1068 3412 prodis
1093 3369 1131 3398 et
1150 3361 1375 3398 denuncias:
1405 3369 1559 3411 uterque
1578 3367 1738 3419 pater-et
1755 3358 1867 3420 filius,
1887 3359 1925 3395 in
1945 3367 1981 3397 te
1999 3372 2128 3421 RoeJ¹⁸⁸

74 3407 315 3455 exercebunt,
336 3422 419 3459 quae
436 3412 511 3449 sint
525 3409 751 3451 documento
768 3415 924 3459 caeteris,
939 3427 987 3452 ne
1004 3413 1232 3463 delinquant.
1287 3413 1357 3451 Pa.
1383 3409 1496 3450 Perii.
1551 3411 1623 3462 Py.
1649 3408 1840 3459 Ejusmodi
1859 3408 1977 3449 honos
2002 3411 2071 3451 tlbl
2090 3421 2130 3450 et

36 3464 38 3466 '
74 3459 292 3509 palmarium
309 3461 470 3501 defertur
485 3477 550 3515 pro
563 3464 749 3513 eunucho,
764 3479 876 3518 quem
890 3466 988 3504 douo
1001 3463 1135 3504 Thaidi
1151 3466 1331 3503 adduxisti
1349 3479 1359 3503 ε
1388 3465 1545 3502 discedo.
1601 3464 1670 3500 Pa.
1687 3461 1849 3514 Egomet
1875 3476 1935 3502 me
1954 3464 2124 3506 indicans

73 3513 306 3553 sermonibus
324 3516 431 3562 meis,
445 3517 549 3567 quasi
570 3528 692 3566 sorex,
710 3527 863 3556 accentu
882 3527 920 3556 et
937 3519 1094 3570 strepitu
1107 3532 1147 3556 se
1163 3518 1340 3570 prodens,
1359 3515 1452 3555 mihi
1471 3517 1674 3569 perniciem
1691 3515 1812 3560 attuli,

881 3590 1320 3654 ANNoTAnoNES.

128 3667 151 3699 δ
181 3661 284 3700 Mihi
301 3662 416 3713 solea]
473 3660 630 3703 vetuste
647 3678 716 3717 pro
732 3667 812 3705 soli.

1125 3679 1229 3705 servo
1255 3667 1370 3718 coepit
1393 3664 1524 3704 ancilla
1542 3677 1735 3719 emmpere
1752 3664 1792 3703 iu
1809 3664 1941 3713 risum,
1967 3663 2058 3704 nde&
2077 3673 2122 3703 ut

127 3716 152 3751 6
181 3713 282 3754 Quid
293 3721 356 3765 est,
371 3718 495 3769 inepta
506 3715 528 3756 P
547 3717 635 3770 quid
647 3719 778 3758 tibivis
793 3718 833 3777 θ]
863 3717 1075 3774 Conspectu
1125 3720 1197 3760 sibi
1213 3729 1418 3773 imperare
1434 3731 1510 3759 nou
1522 3726 1660 3773 posset.

1714 3767 1795 3813 Q2
