2340 3964
144 140 215 188 28

652 337 661 345 ο

787 142 845 196 Ρ.
879 142 1227 197 TERENTII
1264 146 1586 228 insnum.>

144 276 228 320 date
252 278 292 315 «εἰ
317 278 461 328 ffibere,
493 283 593 334 quod
629 297 722 337 proe·
771 283 928 339 Quod
945 282 1093 352 jussi,
1110 286 1160 339 ei
1182 287 1295 338 date
1320 288 1509 355 bibere,
1536 299 1588 346 et
1612 270 1855 362 quantum
1880 292 2139 364 imperavi,
2158 336 2167 342 -,

143 330 289 380 scripsi,
337 342 376 370 et
422 346 602 384 quantum
650 350 719 375 im-

130 416 133 417 ?
193 384 287 421 mvi:
326 386 451 423 statim
478 389 562 438 post
592 389 720 427 redibo

172 446 231 473 ue.
292 434 460 483 Ecastor,
493 452 586 491 puer
615 442 720 485 valde

140 485 296 538 pulcher
344 500 382 527 et
422 491 568 542 elegans
607 504 716 537 natus

137 550 199 578 ‚est
228 539 434 594 Pamphi-lo,
497 543 602 586 Deos
633 559 715 608 pre-

142 605 220 640 cor,
248 604 292 632 ut
317 596 435 642 vitalis
457 598 520 643 sit,
548 607 587 639 et
614 599 715 637 inco-

139 645 270 685 lumis:
299 650 471 697 quoniam
492 652 590 688 certe
610 663 713 702 pater

136 699 219 748 ,ejus
233 700 333 737 bono
347 710 401 738 est
418 702 584 753 iugenio,
599 714 637 741 et
651 718 712 746 ve·
729 704 731 707 ’

138 751 231 801 ritus
242 764 298 795 est
313 752 431 795 facere
445 755 610 803 injuriam
623 756 711 799 huic

134 802 248 852 kionoe
286 806 508 851 adolescenti
551 811 711 855 mulieri.

136 854 195 895 Si.
215 856 259 895 *O
275 857 401 903 Dave!
429 859 515 911 quis
534 875 609 901 non
632 876 711 902 cre-

138 908 358 962 datffiquite
376 914 532 959 noverit,
551 913 623 953 hoc
641 918 712 955 eti-

134 962 234 1005 ams&
242 971 283 1002 te
292 977 374 1006 esse
391 966 585 1009 inventum
595 969 611 1006 ?
633 970 710 1008 Da.

131 1013 329 1057 „Quidnam
351 1017 388 1055 id
405 1020 488 1058 est?
543 1021 600 1062 Si.
619 1021 726 1060 Les-⁸

135 1068 198 1106 bia
222 1060 399 1121 obstetriit
420 1084 496 1114 non
520 1075 711 1127 praecipie-

134 1119 200 1163 ,bat
218 1123 288 1174 ipsi
303 1136 508 1176 puerperae,
529 1129 650 1166 coram
670 1131 710 1167 in

135 1175 326 1222 mibiculti,
353 1190 437 1228 qua:
473 1177 641 1218 facienda
671 1195 711 1220 e-

134 1236 244 1270 rant;
278 1229 343 1267 sed
371 1239 564 1282 postquam
596 1235 709 1273 exivit

135 1279 248 1327 sorae,
269 1282 501 1330 mulieribus,
519 1299 602 1336 quae
620 1299 710 1326 sunt

134 1333 250 1380 intus,
281 1335 409 1374 maluit
438 1337 612 1388 imperare
636 1340 709 1378 cla-

134 1387 271 1439 mando
297 1388 319 1425 ὲ
346 1390 415 1428 via.
469 1390 506 1428 Ο
531 1390 652 1438 Dave,
679 1396 709 1433 i-

132 1447 222 1483 tane
253 1450 473 1481 contemnor
499 1445 522 1482 a
546 1447 612 1484 te?
642 1457 708 1486 aut

134 1492 235 1531 itane
253 1495 402 1542 tandem
420 1496 542 1534 videor
559 1499 626 1536 tibi
643 1514 707 1552 ap-

133 1557 196 1583 tus
204 1554 243 1585 et
252 1559 498 1600 apportatum,
509 1565 620 1601 quem
630 1562 704 1591 tam

132 1599 330 1638 manifeste
341 1601 465 1641 fallere
476 1604 628 1656 incipias
640 1606 707 1644 do-

131 1650 205 1690 lis?
236 1650 375 1693 Saltem
389 1657 522 1704 astute,
538 1672 613 1696 non
629 1669 705 1698 tam

131 1705 259 1756 aperte
285 1719 347 1745 me
373 1708 547 1761 decipias,
572 1722 616 1749 ut
634 1726 705 1765 ego

10 1762 11 1767 ’
60 1775 65 1779 ·
131 1758 255 1797 videar
272 1763 389 1799 metui
417 1763 439 1800 ὲ
457 1771 510 1810 te,
538 1776 612 1802 non
631 1774 705 1803 stu-

128 1808 228 1853 lidus
267 1824 306 1851 et
349 1827 474 1852 excors
517 1819 704 1866 aestimari,

133 1865 246 1916 idque
276 1870 392 1915 certe,
423 1869 455 1906 si
485 1871 704 1910 resciverim.

134 1917 213 1955 Da.
227 1917 336 1957 Certe
347 1918 484 1968 hercle,
499 1921 562 1960 hie
573 1937 612 1961 se
627 1925 704 1976 ipse

130 1984 232 2009 nune
259 1972 369 2020 fallit,
397 1988 473 2013 non
495 1980 565 2028 ego
584 1977 703 2016 illum.

129 2023 190 2061 Si:
233 2023 375 2064 Nonne
409 2027 504 2066 edixi
547 2029 633 2077 tibi,
664 2043 703 2069 et

129 2078 309 2117 minando
318 2081 432 2127 vetui,
448 2092 494 2119 ne
507 2091 550 2120 tu
564 2082 702 2123 faceres

127 2130 290 2182 aliquam
320 2134 462 2185 nuptiis
493 2134 698 2176 fallaciam?

128 2182 235 2222 Num
253 2186 387 2224 veritus
403 2188 468 2225 es?
500 2186 604 2231 Quid
616 2203 701 2241 pro-

126 2236 199 2274 fuit
248 2237 406 2285 edicere,
456 2250 495 2278 et
536 2243 696 2282 minari?

132 2288 292 2329 Putasne
301 2305 361 2330 me
368 2292 436 2332 tibi
452 2295 599 2333 credere
613 2295 699 2343 hoc,

126 2346 359 2396 peregrinam
403 2343 500 2385 hanc
536 2347 558 2386 a
593 2347 700 2387 Pam-

126 2395 233 2447 philo
265 2399 448 2451 gravidam
490 2401 621 2440 saetam
657 2403 700 2440 fi-

125 2449 218 2488 lium
231 2452 265 2488 ei
278 2453 490 2504 peperisse?
522 2455 599 2494 Da.
613 2454 701 2495 Scio

125 2505 167 2542 in
192 2516 268 2554 quo
291 2503 400 2544 Simo
426 2505 596 2546 fallatur:
626 2523 698 2562 ego

123 2548 446 2609 paratumlmbeo,
472 2561 563 2612 quid
579 2575 699 2616 agam.

123 2610 180 2647 Si.
209 2608 313 2652 Quid
335 2613 461 2650 taces?
519 2615 596 2652 Da.
624 2615 701 2654 Cur

125 2663 251 2701 credas
270 2662 367 2701 hanc
383 2668 614 2718 peregrinam
634 2678 699 2720 p‘e-

123 2718 288 2767 perisse?
318 2715 436 2760 Quasi
455 2722 539 2758 verb
557 2735 631 2759 non
651 2723 699 2760 ti-

124 2769 164 2807 bi
190 2772 449 2810 renunciatum
476 2774 523 2811 sit
550 2773 631 2811 haec
657 2788 697 2813 e-

123 2831 278 2861 ventura
304 2837 397 2864 esse.
455 2826 512 2865 Sz'.
542 2825 694 2867 Mihine

123 2876 319 2926 qnisquam
331 2880 584 2918 renunciavit?
615 2882 693 2919 Do.

122 2926 231 2966 Eho!
262 2943 308 2967 an
329 2943 394 2982 per
411 2941 448 2969 te
467 2933 566 2971 solus
586 2934 695 2972 intel·

123 2981 212 3019 lexti
242 2982 332 3035 fingi
361 2982 450 3030 hom
480 2986 691 3037 Glycerium

122 3036 336 3124 peperisse?
356 3036 414 3075 Si.
425 3037 593 3078 Irrideor.
615 3041 691 3078 Da.

772 354 906 410 Date
927 375 940 408 :
982 373 1098 415 mox
1124 375 1220 426 ego
1245 358 1346 416 hue
1365 372 1594 419 revertor.
2161 370 2195 418 5

774 424 870 477 Per
894 436 1085 476 ecastor
1107 429 1259 480 scitus
1283 447 1411 498 puer
1434 440 1578 483 natus
1601 441 1675 483 est
1697 432 1980 505 Pamphilo,
2198 444 2203 453 ¹

767 494 906 548 Deos
943 515 1130 566 quaeso,
1168 513 1223 564 ut
1245 501 1309 551 sit
1342 513 1622 570 superstes:
1655 506 2063 578 quandoquidem
2087 506 2195 578 ipse

909 579 983 620 est
1007 569 1211 637 ingenio
1234 573 1386 635 bonO,
1923 596 1926 599 ’

768 638 1000 709 Cumque
1020 640 1139 699 huic
1161 643 1344 700 veritus
1366 652 1440 694 est
1459 652 1683 713 optumae
1703 647 2007 704 adolescenti
2028 651 2194 712 faeere

909 711 1162 781 injuriam.
1867 739 1885 794 ,ξ

769 781 845 834 δι’.
883 782 980 834 Vel
1019 783 1115 833 hoc
1152 786 1262 853 quis
1300 804 1401 838 non
1439 787 1625 850 eredat,
1656 787 1744 857 qui
1770 787 1900 840 norit
1934 798 2003 857 te,
2026 793 2113 844 abs
2140 802 2192 852 te

906 871 1011 904 esse
1036 859 1238 908 ortum?
1279 857 1386 908 Da.
1417 857 1657 926 quidnam
1685 860 1738 910 id
1761 860 1867 917 est?

767 923 843 976 Si.
884 925 1002 976 Non
1041 926 1319 996 imperabat
1357 932 1543 994 coram,
1581 929 1700 1000 quid
1737 948 1863 1000 opus
1898 931 2032 984 facto
2064 943 2191 987 esset

905 1015 1195 1066 puerperae:
1492 1056 1495 1057 ⁷
1715 1044 1719 1048 ,
1968 1049 1970 1051 .
2125 1011 2192 1057 10

765 1066 867 1119 Sed
907 1079 1172 1138 postquam
1217 1087 1410 1138 egressa
1453 1081 1542 1136 est,
1580 1072 1694 1138 illis,
1736 1091 1852 1143 quae
1887 1082 2004 1124 sunt
2040 1074 2191 1141 intus,

907 1141 1093 1191 elamat
1119 1141 1181 1192 de
1206 1142 1300 1192 via.
1420 1186 1423 1189 r
2020 1171 2023 1174 <

763 1210 812 1260 Ο
834 1210 998 1275 Dave,
1022 1211 1142 1263 itan’
1163 1225 1459 1265 contemnor
1473 1215 1559 1266 abs
1582 1217 1672 1268 te?
1711 1224 1799 1268 aut
1823 1215 1959 1268 itane
1983 1217 2190 1271 tandem

904 1283 1112 1335 idoneus
1380 1339 1384 1342 ,
2001 1287 2149 1356 [dolis
2167 1291 2187 1341 ?

760 1351 879 1404 Tibi
903 1355 1073 1405 videor
1097 1373 1217 1418 esse,
1254 1373 1410 1424 quem
1437 1366 1545 1408 'tam
1578 1359 1746 1426 aperte
1780 1359 1952 1409 fallere
1976 1358 2190 1429 incipias

761 1423 954 1476 Saltem
979 1429 1226 1491 accurate,
1260 1439 1318 1478 ut
1350 1429 1514 1480 metui
1543 1428 1712 1488 videar
1735 1431 1887 1492 certe,
1909 1429 1951 1480 si
1973 1431 2187 1483 rescive-

901 1496 1015 1549 rim.
1186 1533 1189 1536 ι
1709 1499 1806 1568 [Si.
1842 1500 2027 1552 edixin’
2056 1502 2184 1557 tibi?

759 1562 868 1619 Da.
895 1567 1043 1620 Certe
1065 1568 1233 1622 hercle
1254 1588 1390 1622 nune
1415 1569 1500 1621 hic
1519 1589 1570 1622 se
1592 1570 1725 1640 ipsus
1749 1570 1894 1634 fallit,
1913 1570 2049 1624 haud
2074 1590 2185 1641 ego·
2207 1600 2209 1602 ·

760 1637 1118 1692 Interminatus
1143 1660 1274 1707 sum,
1300 1661 1364 1693 ne
1388 1643 1609 1699 faceres?
1653 1659 1777 1694 num
1803 1642 2022 1695 veritus?
2061 1644 2189 1715 quid

903 1713 1130 1765 rettulit?
2123 1721 2187 1767 16

760 1779 973 1833 Credon'
997 1785 1089 1836 tibi
1114 1784 1211 1835 hoc
1237 1791 1398 1846 nunc,
1412 1783 1662 1853 peperisse
1684 1784 1817 1836 hanc
1837 1787 1865 1836 ὲ
1883 1785 2184 1855 Pamphilo?

758 1851 868 1904 Da.
903 1854 1095 1920 TeneO,
1137 1856 1259 1925 quid
1303 1868 1456 1908 erret:
1510 1856 1632 1925 quid
1669 1873 1764 1924 ego
1799 1875 1966 1926 agam,
2002 1858 2181 1923 habeo·

903 1924 978 1977 Si.
1016 1927 1137 1995 quid
1162 1928 1332 1978 taces?

757 1993 865 2046 Da.
902 1997 1046 2052 Quid
1082 1999 1285 2051 credas?
1326 1998 1466 2069 quasi
1502 2015 1604 2050 non
1641 1997 1735 2050 tibi
1766 1998 2059 2052 renunciata
2082 1999 2185 2064 sint

898 2066 1008 2120 haec
1033 2069 1105 2121 sic
1131 2071 1252 2122 fore.

759 2135 833 2189 Si.
871 2138 1007 2191 Mihi
1017 2141 1062 2192 n'
1088 2141 1387 2211 quisquam?
1427 2141 1538 2192 Da.
1575 2140 1688 2205 ebe,
1713 2160 1779 2194 an
1802 2150 1909 2193 tute
1929 2141 2181 2194 intellexti

895 2211 1338 2264 hoe-adsimulari?
1382 2211 1459 2265 Si.
1498 2212 1720 2264 irrideor.
2110 2220 2186 2267 20

752 2278 865 2333 Da.
903 2283 1278 2336 Renunciatum
1305 2293 1412 2338 est:
1455 2301 1584 2336 ‘nam
1607 2287 1697 2354 qui
1721 2285 1860 2337 istaee
1884 2284 1979 2352 tibi
2004 2284 2185 2346 incidit

897 2355 1115 2424 suspicio
1136 2356 1152 2407 ?
1939 2427 1950 2438 ·

757 2422 832 2476 Si.
870 2420 1011 2481 Qui?
1050 2427 1166 2496 quia
1187 2429 1447 2479 teneram.
1516 2426 1629 2480 Da.
1667 2427 1807 2498 quasi
1827 2437 1883 2479 tu
1901 2427 2055 2494 dicaS‚
2075 2429 2183 2481 fae·-

895 2507 1004 2549 tum
1034 2499 1083 2550 id
1107 2500 1317 2552 consilio
1342 2518 1473 2551 meo·
2164 2568 2178 2583 ·

756 2566 832 2620 Si.
870 2569 1016 2621 Certe
1053 2570 1191 2622 enim
1216 2572 1335 2623 seio,
1409 2570 1518 2623 Da.
1558 2588 1661 2622 non
1685 2569 1802 2621 satis
1839 2587 1924 2622 me
1958 2571 2181 2640 pernbsti

895 2641 1066 2706 etiam,
1091 2643 1251 2711 qualis
1275 2642 1390 2707 sim,
1415 2643 1576 2695 Simo.
2146 2711 2159 2723 ·

755 2710 831 2765 Si.
869 2708 1167 2780 Egone'te?
1241 2714 1354 2767 Da.
1392 2714 1495 2780 sed,
1527 2713 1569 2764 si
1593 2711 1715 2783 quid
1741 2728 1937 2765 narrare
1961 2728 2181 2782 occoepi,

895 2785 1136 2837 continuo
1161 2784 1267 2836 dari

747 2854 864 2907 Tibi
894 2858 1040 2907 verba
1073 2874 1260 2907 censes.
1333 2853 1408 2907 Si.
1446 2855 1584 2908 falso.

891 2928 1020 2979 nihil
1037 2926 1145 2998 jam
1173 2927 1355 2980 mutire
1381 2928 1561 2982 audeo-

1659 2854 1772 2907 Da.
1809 2854 1979 2924 itaque
2003 2853 2178 2978 bereg}

139 3086 402 3128 innunt-iatum
424 3102 480 3129 est
507 3093 574 3130 tibi
600 3095 654 3130 si<-
678 3094 776 3132 fore:
807 3108 890 3132 nam
915 3094 1015 3132 unde
1043 3092 1140 3133 hanc
1164 3094 1415 3146 suspicionem
1439 3091 1544 3131 aliter
1566 3091 1702 3131 habere
1721 3091 1898 3145 potuisti?
1953 3090 2010 3129 Si.
2037 3088 2178 3128 Unde?

121 3139 222 3183 Quia
240 3145 367 3180 nOram
395 3143 585 3196 ingenium
609 3155 729 3185 tuum.
785 3149 861 3189 Da..
890 3147 948 3186 Ita
975 3148 1146 3198 loqueris,
1167 3148 1271 3198 quasi
1297 3148 1419 3184 eredas
1448 3146 1485 3184 id
1502 3145 1641 3207 factum
1667 3146 1781 3184 fuisse
1796 3157 1884 3205 ⁸meo
1902 3143 2068 3182 consilio.
2121 3142 2179 3205 ὁῖι.

121 3193 232 3232 Certe
250 3196 351 3234 enim
371 3185 447 3236 scio
459 3199 512 3236 sic
531 3211 622 3238 esse.
679 3201 754 3237 Da.
782 3200 872 3238 Non
892 3201 979 3238 satis
999 3200 1163 3251 perfecte
1181 3200 1328 3245 novisti,
1342 3199 1460 3251 qualis
1477 3200 1563 3246 sim,
1583 3196 1702 3237 Simo.
1757 3198 1813 3236 Sz.
1842 3196 1901 3236 An
1917 3209 1988 3248 ego
2002 3208 2077 3234 non
2091 3205 2178 3233 sans

122 3248 204 3286 novi
224 3249 290 3286 te?

349 3249 425 3287 Da.
454 3250 528 3289 Sed
551 3254 582 3290 si
601 3252 691 3303 quid
712 3267 852 3291 narrare
872 3254 1008 3305 incepi.
1037 3254 1162 3291 statim
1187 3261 1225 3290 te
1247 3251 1323 3289 falli
1346 3252 1522 3303 opinaris.
1574 3251 1631 3291 Si.
1661 3249 1767 3290 Falsa
1791 3250 1829 3289 id
1852 3251 2000 3303 opinor,
2024 3248 2179 3288 scilicet.

122 3301 198 3339 Da.
225 3300 357 3353 ltaque
372 3301 557 3343 mehercle
574 3304 770 3355 nihiljam,
785 3320 837 3349 ‚ne
858 3320 920 3345 mu
939 3306 1089 3358 quidem
1108 3306 1226 3343 dicere
1241 3306 1372 3343 audeo.

173 3539 193 3577 7
228 3533 277 3571 Ue
306 3536 352 3572 sie
383 3536 590 3588 superstes]
624 3565 626 3567 v
659 3536 759 3574 Olim
793 3545 963 3588 parentes
993 3549 1119 3588 preca-

117 3584 268 3632 bantur,
295 3597 337 3624 ut
362 3589 430 3626 sibi
460 3593 516 3628 sui
545 3591 649 3628 liberi
675 3591 890 3640 superstites
915 3598 1055 3635 essent,
1082 3590 1119 3627 id
1295 3642 1303 3650 .

117 3645 188 3683 ⁶⁵¹3,
230 3642 526 3690 superviverent:
566 3642 675 3680 Unde
707 3643 1006 3694 superstitionem
1043 3642 1119 3679 dic-
1172 3655 1359 3693 grunnire.

930 3441 1006 3481 AN
1013 3439 1208 3480 NOTATI
1213 3439 1289 3480 ΟΝ
1294 3439 1369 3480 ES.

1227 3545 1275 3575 25
1308 3536 1403 3574 Jam
1427 3536 1560 3575 mutire
1580 3534 1725 3585 audeo-J
1782 3537 1858 3576 Mu
1876 3548 2008 3574 eanum
2028 3543 2097 3581 est,
2117 3534 2174 3573 in-

1171 3589 1254 3639 quit
1300 3588 1507 3637 Charisius,
1555 3590 1650 3628 sicut
1690 3602 1765 3639 gru
1816 3602 2028 3648 porcorum:
2052 3586 2174 3649 ‘unde

1431 3640 1483 3682 Et
1511 3643 1677 3682 mutiunt
1712 3654 1837 3690 canes,
1870 3643 1956 3681 cum
1990 3649 2177 3692 incipiunt

116 3700 191 3728 tam
211 3703 290 3729 esse
316 3695 366 3731 ait
388 3694 519 3735 Cicero
539 3705 574 3737 2.
595 3696 640 3737 de
662 3693 751 3737 Nat.
776 3693 892 3735 Deor.
919 3694 1036 3735 Mart.
1056 3694 1118 3734 lib.
1174 3695 1317 3736 irritari.

116 3741 205 3782 Vll.
225 3746 321 3800 epig.
337 3760 414 3786 xcv.
