2314 3944
52 3649 62 3708 ’ῃ
113 3669 234 3695 unum
265 3660 431 3709 sequitur
464 3660 626 3711 signum.

318 269 333 291 Ι

119 346 242 403 Thr.
274 345 418 400 Male
441 340 698 402 mulctabo
722 346 896 416 ipsam.
938 348 1037 400 Gn.
1061 347 1286 418 pulchre.
1326 346 1450 401 Thr.
1475 346 1529 399 in

155 479 162 483 ,
254 419 481 470 medium
507 418 608 470 huc
627 437 810 487 agmen
837 437 953 470 cum
979 420 1128 483 vecti,
1152 419 1352 483 Donax‚

111 486 212 555 Tu,
245 488 475 553 Simalio,
514 489 572 540 in
615 490 880 542 sinistrum*
907 508 1080 555 cornu,
1115 503 1188 555 tu,
1228 491 1439 559 Syrisce,
1476 489 1530 541 in

255 561 534 612 dexterum.

54 658 58 666 ⁶
115 630 255 685 Cedo
285 631 409 683 alios
426 653 441 696 ;
481 631 568 682 ubi
598 633 825 685 centurio
854 641 928 684 est
961 631 1144 700 Sanga,
1169 631 1531 700 etpmanipulus

253 704 460 754 furum?
536 703 624 756 Sa.
665 722 843 756 eccum
869 704 1022 755 adest.

119 771 410 830 ssva-Quid
436 775 644 842 ignave?
684 774 972 844 peniculon’
996 791 1238 843 pugnare,
1264 773 1354 843 qui
1377 773 1534 824 istum·

256 846 356 896 huc
376 857 556 914 porteS,
578 847 796 915 cogitas?

114 916 204 970 Sa.
229 917 444 985 Egone?
486 918 794 986 imperatoris
811 913 1048 968 virtutem
1075 933 1327 979 noveram,
1352 924 1402 969 et
1424 915 1527 967 vim

257 989 478 1040 militum
497 1009 510 1041 z

117 1058 239 1112 Sine
255 1060 429 1128 sangui
437 1077 498 1110 ne
517 1060 614 1110 hoc
634 1057 741 1110 fieri
762 1076 861 1110 non
881 1076 1052 1128 posse:
1091 1060 1178 1127 q'ui
1197 1060 1531 1126 abstergerem

253 1132 454 1183 volnera
472 1131 490 1182 ?

123 1201 244 1255 Thr.
271 1201 373 1252 Ubi
393 1202 508 1252 alii?
550 1199 636 1251 Sa.
666 1200 768 1271 qui,
795 1202 1003 1266 malum,
1029 1191 1148 1252 alii?
1187 1202 1322 1252 solus
1342 1201 1534 1252 Sannio

255 1284 416 1323 servat
439 1273 592 1323 dorni.

119 1343 243 1397 Thr.
278 1342 360 1394 Tu
390 1343 540 1395 hosce
578 1343 792 1395 instrue:
829 1343 914 1394 hie
949 1361 1046 1411 ego
1081 1360 1164 1394 ero
1200 1354 1310 1413 post
1345 1343 1533 1413 princi-

254 1415 366 1483 pia:
403 1413 522 1466 inde
547 1414 781 1465 omnibus
804 1414 1004 1483 signum
1033 1415 1174 1468 dabo.

83 1511 84 1514 ’
113 1505 178 1556 qui
195 1505 355 1544 custodit
373 1518 428 1542 res
446 1518 530 1554 quae
546 1515 633 1541 sunt
647 1505 761 1543 (lomi.
816 1507 903 1543 Thr.
919 1503 954 1542 Τ
957 1519 979 1543 u
989 1504 1098 1543 hosce
1117 1506 1266 1542 ordina:
1293 1503 1358 1543 hic
1375 1518 1445 1557 ego
1462 1505 1567 1545 stabo
1586 1507 1624 1542 in
1642 1503 1760 1541 medis
1780 1502 1858 1540 acie
1874 1511 1959 1555 post
1975 1503 2162 1555 principes

717 203 952 258 ACTUS
988 205 1076 259 IV.
1147 203 1381 258 SCENA
1409 201 1533 256 VII.
2083 208 2153 283 89

2085 303 2101 328 ‘2'

1583 343 1673 382 Thr.
1698 340 1821 395 Ipsam
1832 341 2014 382 'I'hafflem
2028 345 2157 385 acerbe

1609 397 1746 434 uniam.
1802 397 1878 434 Gn.
1896 395 2015 435 Beue.
2068 399 2156 438 Thr.

1605 462 1629 486 n
1648 449 1809 487 medium
1829 448 1903 487 huc
1967 462 2068 496 men,
2095 464 2158 488 ac-

1583 502 1671 539 cede
1693 515 1778 539 cum
1813 504 1924 548 vecti,
1987 515 2095 549 onax,
2112 511 2158 542 tu

1583 553 1750 599 Simalio,
1771 555 1808 591 in
1823 556 2012 592 sinistrum
2027 567 2158 603 cornu,

1585 617 1626 644 tu
1671 606 1832 659 Syrisce,
1876 608 1915 645 in
1955 608 2159 646 dexterum.

1584 661 1657 697 Alii
1673 660 1892 711 procedant:
1922 659 1987 698 ubi
2001 672 2058 698 est
2071 673 2162 699 een-

1583 713 1681 750 turio
1712 711 1850 765 Sanga,
1881 722 1919 750 et
1945 713 2160 764 manipulus

1583 778 1768 803 servorum
1784 765 2071 803 culinariorum?
2090 765 2159 804 Sa.

1581 816 1682 855 Ecce
1700 829 1799 863 eum,
1812 817 1925 855 adest.
1953 818 2039 856 Thr.
2054 816 2160 861 Quid

1581 870 1704 908 iners?
1759 870 1822 907 An
1873 879 1919 908 tu
1967 871 2160 922 peniculo,

1582 936 1691 973 quem
1709 931 1847 974 portas,
1873 936 2037 975 pugnare
2055 925 2160 976 cogi-

1584 977 1664 1013 tas?
1695 976 1760 1013 Sa.
1784 974 1915 1026 Egone
1942 977 2157 1027 peniculum

1585 1030 1622 1066 in
1655 1028 1752 1065 bello
1789 1041 1863 1064 non
1896 1027 2043 1074 ferrem,
2083 1043 2159 1079 quo

1585 1081 1735 1118 vulnera
1749 1081 1997 1132 abstergerem
2012 1082 2027 1119 ?
2057 1079 2157 1120 Cum

1586 1135 1815 1185 imperatoris
1824 1133 2078 1172 fortitudinem
2089 1148 2159 1172 no·-

1586 1197 1662 1224 tam
1680 1184 1868 1232 haberem,
1883 1196 1921 1223 et
1935 1186 2047 1224 robur
2060 1188 2160 1224 mili·-

1584 1249 1666 1277 tum
1683 1255 1692 1284 ς
1717 1252 1786 1276 nec
1805 1239 1884 1276 sine
1899 1240 2088 1290 sanguinis
2103 1240 2159 1277 ef—

1471 1278 1533 1323 lO
1585 1290 1831 1331 fusionehanc
1841 1291 2067 1341 obsidionem
2080 1292 2160 1330 fieri

1585 1357 1705 1396 posse.
1758 1344 1845 1382 Thr.
1866 1343 1942 1381 Ubi
1960 1345 2021 1381 alii
2038 1354 2127 1382 sunt
2139 1346 2157 1383 Ξ·

1585 1399 1651 1436 Sa.
1679 1395 1861 1441 Quinam,
1885 1397 2039 1442 malum,
2071 1406 2161 1436 sunt

1586 1452 1643 1488 isti
1657 1449 1718 1490 alii
1733 1450 1748 1487 ?
1765 1447 1875 1487 Solus
1889 1448 2028 1487 Sannio
2039 1449 2159 1497 abest,

1429 589 1431 591 ·
1497 567 1528 613 5

114 1557 249 1596 milites
266 1571 273 1594 ε
302 1571 348 1595 ex
364 1558 436 1596 isto
454 1557 535 1596 loco
553 1558 724 1596 erunibus
744 1559 892 1610 signum
911 1559 1004 1596 dabo
1024 1558 1174 1596 ineundi
1194 1560 1414 1597 certaminis.

914 1720 1355 1764 ANNOTATIONES.

167 1828 192 1860 4
222 1821 270 1859 In
286 1821 444 1860 medium
462 1821 531 1859 huc
549 1832 678 1871 agmen
696 1832 778 1858 cum
795 1818 914 1869 vecti]
946 1816 1110 1862 Primum

114 1887 263 1926 agmen,
282 1887 363 1920 seu,
380 1883 424 1912 ut
440 1886 539 1911 nunc
558 1873 761 1924 appellant,
788 1873 907 1924 prima
929 1872 1109 1918 custodia,

115 1928 278 1966 L’avant
286 1927 414 1976 garde,
428 1926 541 1975 Aregl.
556 1938 633 1963 'rua
653 1937 754 1963 vsu:
782 1924 944 1963 medium
963 1937 1110 1975 agmen,

114 1983 152 2018 la
169 1981 339 2026 bataille,
355 1980 468 2029 Angl.
496 1991 573 2016 'rue
596 1990 767 2017 caurus:
795 1987 1021 2029 postremum
1049 1990 1112 2028 ag-

114 2045 218 2079 men,
245 2032 406 2071 ramere
425 2033 554 2081 garde,
581 2031 695 2080 Angl.
720 2042 798 2068 ‘rna
818 2043 928 2069 amn.
982 2029 1111 2067 Vectis

115 2095 172 2123 est
198 2086 340 2136 lignum
362 2094 457 2122 teres
475 2094 513 2122 et
532 2084 754 2134 oblongum:
783 2094 957 2134 praeterea
979 2094 1036 2119 est
1054 2083 1129 2124 in-,

114 2147 362 2175 strumentum
379 2137 538 2175 ferreum
559 2146 595 2174 et
614 2132 785 2184 militare,
806 2150 881 2188 quo
898 2135 1112 2188 perfodiun-

115 2200 176 2228 tur
192 2191 361 2242 parietes.

171 2252 192 2281 5
221 2241 406 2293 Simalio]
435 2241 461 2279 J
466 2243 651 2280 ucundum
667 2250 724 2278 est
737 2240 943 2292 intelligere
962 2242 1112 2278 nomina

116 2304 350 2333 strenuorum
385 2296 549 2333 militum
582 2293 796 2333 Thrasonis.
829 2293 983 2334 Simalio
1011 2294 1112 2344 quod

116 2349 232 2386 simus
250 2358 359 2385 oeset.
410 2345 562 2394 Donax,
589 2346 713 2396 δόναξ,
739 2346 894 2392 arundo,
922 2347 985 2396 qui
1004 2359 1112 2384 arun-

115 2401 200 2438 dine
219 2414 285 2451 pro
309 2399 414 2437 hasta
443 2400 629 2438 utebatur.
680 2399 847 2452 Syriscus
870 2399 891 2437 a
910 2399 1112 2452 ΣύςισκΘ,

114 2453 214 2504 quod
229 2451 355 2505 Syrius
377 2462 474 2490 esset
499 2454 656 2505 origine,
674 2454 730 2490 vel
749 2453 771 2490 ῑι
788 2451 935 2504 Syrisco
959 2466 1040 2492 vase
1061 2454 1112 2491 vi-

115 2506 255 2552 mineo,
275 2507 312 2543 in
329 2518 404 2556 quo
421 2506 511 2543 ficus
525 2506 647 2544 solent
659 2507 842 2543 asservari.

170 2558 217 2595 In
247 2559 433 2596 sinistrum
470 2558 609 2608 corma]
680 2558 829 2597 Cornua
863 2567 967 2596 erant
998 2557 1113 2596 latera

114 2611 221 2657 aciei,
253 2611 305 2648 ita
336 2610 432 2648 dicta
460 2612 560 2661 quod
591 2612 857 2662 prominercnt;
906 2612 944 2648 in
972 2612 1108 2660 quibus

115 2663 262 2702 stabant
283 2664 440 2713 equites,
462 2664 526 2713 qui
554 2664 727 2714 utrinque
754 2662 971 2701 claudebant
998 2663 1110 2701 latera

114 2717 206 2753 aciei
234 2716 431 2767 pedestris;
461 2726 679 2767 quapropter
697 2727 826 2753 turmae
848 2717 1015 2765 equitum
1043 2716 1109 2752 alae

112 2767 298 2807 dicuntur.
353 2770 429 2807 Des
454 2769 682 2820 compagnies
706 2770 748 2807 de
770 2767 970 2807 Cavalme.
995 2770 1111 2819 Augl.

115 2831 193 2859 ‘rna
211 2833 313 2860 nom(
332 2833 380 2860 or
399 2833 534 2859 nonsn.

169 2878 193 2911 6
224 2875 297 2912 Ubi
314 2874 472 2912 centurio
488 2879 540 2912 est
552 2872 710 2924 Sanga-J
758 2871 935 2911 Centurio
950 2882 1004 2911 est
1022 2886 1110 2910 cen-

114 2932 197 2963 tum
215 2927 377 2976 militum
396 2926 604 2978 praefectus.
660 2925 767 2964 Unde
781 2934 819 2963 et
833 2927 999 2964 centuria
1017 2939 1109 2977 quo-

113 2991 187 3028 que
200 2979 346 3026 dicitur,
362 2981 466 3029 cujus
481 2989 605 3017 tamen
619 2992 791 3017 numerus
806 2990 933 3029 postea
946 2980 1111 3017 variavit:

115 3043 200 3068 nam
219 3031 317 3083 legio
337 3031 432 3084 apud
451 3030 637 3070 Romanos
646 3032 849 3082 antiquitus
861 3041 1016 3082 quatuor
1030 3032 1112 3068 mil-

113 3082 207 3121 lium
238 3093 337 3130 erat;
374 3085 473 3122 unde
500 3085 715 3135 quadratum
745 3097 878 3135 agmen
909 3084 1111 3122 dicebatur.

114 3133 248 3174 Postea
264 3136 338 3174 duo
356 3137 470 3174 millia
483 3146 523 3174 et
539 3137 716 3175 ducentos
734 3137 864 3186 adjecit
884 3135 1044 3184 Marius,
1067 3146 1111 3175 ut

114 3198 300 3227 constaret
317 3202 381 3227 sex
397 3189 558 3228 millibus
577 3198 614 3227 et
632 3190 799 3227 ducentis
819 3189 1011 3227 militibus.
1063 3187 1110 3227 In

28 3251 42 3282 ᾳ
114 3239 260 3292 legione
288 3250 390 3278 erant
416 3243 607 3294 serinta
623 3244 814 3288 centuriae,
841 3243 1021 3294 manipuli
1045 3243 1111 3279 tri-

113 3302 233 3344 ginta,
251 3291 419 3331 cohortes
435 3294 577 3332 decem.

169 3345 391 3396 Manipueus
408 3344 546 3395 fitrum
555 3345 594 3395 ?]
662 3344 882 3398 Manipulus
916 3354 974 3384 est
1003 3344 1113 3384 fasci-

115 3397 220 3434 culus
237 3395 434 3434 herbarum
447 3397 511 3447 qui
530 3410 642 3436 manu
659 3397 997 3450 comprehenditur,
1013 3399 1113 3448 quod

114 3450 261 3500 signum
277 3450 314 3486 in
334 3449 466 3487 militia
479 3449 551 3487 fuit
564 3451 690 3502 priscis
704 3449 894 3489 Romanis.
933 3450 1087 3489 Ovidius
1101 3466 1110 3489 ε

168 3502 313 3540 Persica
326 3513 511 3553 suspensos
518 3505 688 3553 portabat
704 3505 814 3552 longa
825 3504 1004 3556 maniplos
1016 3519 1030 3542 .-

225 3554 327 3591 Unde
344 3554 561 3606 maniplaris
571 3555 720 3593 nomina
735 3558 837 3594 miles
851 3555 967 3594 habet.

116 3601 208 3651 Inde
239 3607 392 3657 ponitur
422 3618 490 3658 pro
515 3606 652 3658 exigua
681 3607 840 3645 militum
869 3620 996 3655 manu,
1027 3621 1111 3660 quoe

697 3657 730 3698 F
731 3673 810 3708 ures
843 3657 906 3698 hic
936 3660 1110 3699 dicuntur

115 3711 223 3758 servi,
253 3719 292 3752 et
323 3710 423 3748 fures
453 3724 721 3762 nonnunquam
751 3725 820 3763 pro
849 3713 958 3750 servis
991 3714 1110 3768 accipi

112 3761 260 3816 scripsit
276 3761 426 3804 Servius
443 3763 488 3803 ad
506 3763 597 3805 illud
615 3777 761 3808 carmen
782 3763 949 3819 Virgilii:

1784 1656 1798 1675 A.

1216 1817 1317 1855 Quid
1327 1816 1627 1866 domiuifhdent,
1645 1816 1777 1856 audent
1791 1816 1877 1856 cam
1890 1818 1981 1856 talia
1984 1815 2098 1868 fizres
2109 1816 2135 1856 .9

1216 1869 1427 1921 Saepissime
1457 1879 1581 1907 tamen
1610 1869 1709 1908 sures
1733 1871 1830 1922 apud
1858 1872 2019 1910 comicos
2050 1871 2164 1909 intel-

1163 1922 1329 1975 liguntur
1355 1924 1445 1960 servi
1469 1923 1655 1961 culinarii.
1708 1922 1817 1961 Forte
1843 1917 2000 1962 fos‘sores
2024 1924 2163 1962 intelli-

1163 1978 1234 2027 git,
1253 1985 1290 2013 et
1310 1975 1498 2014 cuniculos
1515 1984 1666 2028 agentes
1684 1977 1728 2014 ad
1746 1978 1941 2014 evertenda
1959 1979 2097 2015 moenia
2121 1986 2162 2016 et

1163 2042 1277 2075 art-es,
1294 2029 1493 2066 Pimmicrs.
1511 2030 1624 2079 Angl.
1643 2036 1840 2068 mortuns.
1877 2028 2054 2081 Sangam,
2074 2031 2164 2080 quia

1163 2094 1301 2132 coquus
1319 2092 1408 2127 erat,
1434 2079 1576 2119 Thraso
1593 2090 1696 2119 vocat
1714 2082 1968 2120 centurionem
1986 2092 2162 2132 tanquam

1163 2135 1241 2172 aliis
1278 2133 1563 2172 honoratiorem.
1633 2131 1792 2187 Sangam
1835 2135 1980 2172 dictum
2010 2136 2159 2185 quidam

1163 2188 1295 2225 volunt
1339 2187 1361 2225 a
1394 2185 1519 2239 Sanga
1552 2187 1650 2234 vico,
1691 2188 1747 2225 vel
1789 2186 1968 2240 Sangario
2007 2188 2164 2228 flumine

1163 2238 1353 2292 Phrygia-3
1382 2253 1466 2277 nam
1494 2238 1658 2292 Phryges
1684 2240 1831 2278 serviles
1855 2249 1955 2278 sunt.
2009 2238 2120 2279 Forte
2137 2241 2161 2279 ὲ

1163 2293 1296 2331 Graeco
1311 2293 1476 2345 σάγαρις,
1490 2293 1588 2344 quod
1606 2294 1741 2331 securis
1757 2293 1939 2344 quoddam
1955 2306 2072 2344 genus
2090 2302 2163 2333 est.

1220 2354 1269 2385 10
1297 2346 1385 2392 Qui,
1397 2345 1554 2392 malum,
1573 2347 1641 2383 alii
1651 2345 1690 2395 ἒ]
1738 2345 1893 2385 Malam
1908 2346 2026 2384 vicem
2044 2346 2160 2388 intet-

1156 2398 1328 2449 jectionis
1344 2401 1534 2454 irascentis
1551 2399 1720 2436 sustinet.

1218 2461 1234 2489 1
1246 2460 1262 2490 1
1282 2451 1358 2490 Htc
1367 2465 1429 2500 ego
1440 2464 1497 2489 ero
1504 2458 1585 2502 post
1596 2450 1808 2505 principia]
1828 2448 1872 2488 Id
1882 2459 2047 2502 est,post
2056 2450 2161 2502 prin·-

1163 2505 1264 2556 cipes
1292 2505 1332 2542 in
1358 2506 1455 2550 acie3
1485 2503 1621 2542 milites
1645 2505 1684 2541 in
1709 2503 1841 2541 militia
1863 2501 2031 2541 Romana
2055 2505 2160 2554 prin-

1163 2559 1264 2609 cipes
1298 2558 1514 2595 dicebantur
1549 2557 1719 2594 secundae
1747 2557 1838 2593 aciei
1864 2556 2016 2602 milites,
2047 2557 2157 2604 armis

1161 2611 1317 2648 maxime
1344 2611 1524 2661 insignes:
1553 2611 1604 2646 ita
1629 2611 1729 2647 enim
1748 2610 1843 2646 acies
1860 2609 1956 2659 apud
1970 2606 2158 2648 Romanos

1161 2664 1424 2708 instruebatur,
1439 2672 1478 2699 ut
1488 2663 1597 2713 primi
1610 2660 1733 2700 hostes
1746 2660 2030 2713 aggrederentur
2039 2663 2158 2699 mani-

1162 2715 1239 2768 puli
1254 2714 1496 2760 hastatorum,
1511 2728 1557 2751 ex
1572 2714 1658 2752 flore
1670 2715 1851 2764 juvenum
1869 2714 2158 2765 pubescentium

1162 2768 1329 2805 collecti:
1358 2769 1420 2818 qui
1439 2769 1469 2805 si
1488 2765 1635 2805 hostem
1662 2766 1873 2818 propulsare
1893 2779 1966 2804 non
1990 2776 2158 2818 possent,

1111 2840 1114 2842 v
1161 2820 1182 2858 a
1204 2821 1447 2872 principibuS,
1474 2821 1539 2871 qui
1567 2832 1694 2858 omnes
1719 2820 1854 2857 scutati
1880 2829 1999 2866 erant,
2029 2820 2069 2856 in
2099 2821 2159 2857 in-

1897 2870 2068 2923 Moxque
2098 2870 2157 2919 hi,
2216 2916 2220 2918 ‚

1160 2874 1309 2911 tervalla
1343 2873 1512 2910 ordinum
1548 2873 1830 2924 recipiebantur-

1161 2938 1295 2977 nempe
1322 2924 1522 2977 principeS,
1541 2925 1580 2962 in
1599 2939 1740 2971 eorum,
1763 2937 1896 2975 nempe
1915 2923 2158 2970 hastatorum,

1165 2977 1287 3016 locum
1320 2978 1577 3016 succedebant.
1647 2976 1792 3015 Hastati
1823 2986 1946 3014 antem
1979 2986 2061 3028 post
2093 2990 2158 3014 eos

1162 3031 1493 3081 subsequebantur.
1545 3028 1587 3068 Si
1614 3031 1636 3068 a
1662 3030 1889 3082 principibus
1917 3043 2063 3079 quoque
2081 3043 2156 3066 non

1163 3084 1250 3121 satis
1277 3083 1434 3128 feliciter
1461 3092 1557 3121 essct
1583 3093 1805 3135 pugnatum,
1833 3082 1988 3132 aprima
2015 3083 2093 3118 acie
2110 3083 2156 3119 ad

1162 3137 1304 3175 triarios
1323 3135 1499 3188 paulatim
1524 3149 1562 3173 se
1586 3136 1811 3180 rcl'erebant3
1841 3148 1990 3184 unoque
2007 3135 2156 3183 agmine

1162 3188 1275 3235 facto,
1289 3185 1463 3239 nullaque
1481 3202 1544 3240 spe
1566 3199 1647 3239 post
1665 3202 1704 3226 se
1726 3187 1867 3232 relicta,
1885 3186 1956 3223 una
1972 3199 2099 3224 omnes
2117 3188 2155 3224 in

1163 3239 1307 3279 hostem
1324 3241 1585 3292 procedebant.
1638 3239 1820 3290 Principia
1835 3249 1890 3276 est
1911 3239 2013 3276 locus
2028 3241 2066 3276 in
2081 3240 2160 3277 acie

1163 3296 1372 3346 principum
1400 3294 1573 3332 militum.
1626 3291 1733 3339 Inde,
1753 3302 1836 3343 post
1854 3292 2033 3380 princIipia
2061 3305 2156 3338 esse,

1162 3347 1360 3399 significat,
1391 3347 1431 3384 in
1457 3354 1540 3385 tuto
1572 3358 1667 3392 esse,
1697 3344 1762 3382 ubi
1795 3354 1919 3382 noster
1943 3343 1952 3355 '
1980 3343 2086 3382 liu-aso
2117 3358 2158 3383 se

1164 3400 1410 3438 collocaverat.
1464 3396 1650 3450 Principia
1659 3398 1769 3434 etiam
1784 3405 1840 3436 est
1850 3396 1951 3433 locus
1966 3397 2158 3443 incastris,

1163 3451 1229 3490 ubi
1258 3450 1400 3489 habitat
1425 3451 1499 3488 dux
1524 3459 1562 3487 et
1587 3453 1795 3502 imperator.
1856 3446 1953 3486 Haec
1979 3462 2025 3486 ex
2048 3447 2158 3487 Livio

1161 3504 1231 3542 sub
1249 3503 1362 3542 finem
1381 3504 1498 3541 octavi
1516 3501 1600 3542 libri
1614 3504 1741 3554 primae
1758 3500 1932 3540 Decadis.
1970 3500 2158 3540 Caeterum

1163 3554 1365 3602 Homerus,
1391 3553 1496 3593 Iliad.
1514 3552 1562 3592 V.
1580 3555 1704 3592 laudat
1730 3553 1968 3599 Diomedem,
1983 3554 2083 3604 qubd
2101 3555 2159 3592 'rn-

1165 3619 1222 3646 ter
1238 3609 1422 3660 principes
1470 3607 1562 3644 rima
1581 3608 1658 3645 acie
1677 3606 1871 3658 pugnariu
1901 3607 1998 3644 sicut
2014 3605 2160 3644 Home·
2217 3647 2222 3655 .

1162 3674 1244 3698 rum
1264 3661 1428 3698 imitatus
1444 3621 1623 3711 wir-gilius
1642 3659 1812 3698 similiter
1826 3657 1985 3697 AEneam
1999 3659 2044 3696 de
2055 3658 2161 3697 forti-

1161 3712 1289 3750 tudine
1307 3713 1455 3750 laudans
1470 3713 1543 3755 aitg

1159 3765 1210 3807 Se
1224 3777 1361 3819 quoque
1365 3765 1594 3819 prirm'pibus
1598 3764 1824 3818 permixtum
1836 3764 1984 3815 angvit
1995 3762 2160 3802 Achivis.
