2314 3944
149 183 222 232 92

146 319 265 375 Virgo
302 323 458 362 lacerata
500 333 598 363 veste
670 336 721 361 rae

144 375 285 427 pudore
326 377 486 423 obticet3
530 338 721 415 eunuclssius

144 428 310 482 anfugit3
348 430 584 479 quamobrem
616 428 722 467 aufu-

143 481 231 532 git?
259 482 349 533 quid
362 481 499 520 factum
524 482 603 519 est?
633 482 720 520 cum

141 531 225 584 hoec
243 533 266 573 ὲ,
283 543 319 572 te
338 547 477 584 quzero,
503 533 597 572 nihil
613 535 718 584 quid-

142 598 253 638 quam
271 588 492 638 respondes?
522 588 595 639 Py.
615 585 717 630 Quid

142 651 214 691 ego
241 640 369 677 infelix
393 639 462 686 tibi
488 641 719 692 ampliusre-

66 692 68 697 ²
142 693 322 743 spondere
353 693 528 744 possum.>
571 692 718 731 Dicunt

141 745 247 783 illum
263 746 415 783 minime
428 743 644 783 eunuchum
658 745 716 783 fu—

139 798 224 835 isse.
279 799 345 835 Th.
373 796 471 840 Quis
485 798 558 836 fuit
571 799 712 850 igitur?

139 850 175 886 P
203 878 212 886 .
232 848 307 889 Iste
325 848 491 888 Chaerea.
546 853 612 889 Th.
634 850 714 895 Qui

139 900 172 939 C
201 904 318 940 aerea?
336 902 494 955 Py.Iste
504 903 714 942 adolescens

136 953 250 993 frater
272 954 463 994 Phaedriae.
518 958 584 994 Th.
612 955 716 1000 Quid

137 1008 208 1054 ais,
222 1009 418 1047 venefica?
465 1010 534 1061 Py.
561 1008 613 1052 At
628 1024 715 1059 eum

137 1059 259 1111 ipsum
296 1074 376 1099 esse
412 1064 513 1100 certo
547 1065 714 1114 cognovi.

138 1112 208 1152 Th.
252 1113 329 1152 Cur
362 1114 406 1152 ad
444 1127 526 1161 nos,
572 1129 712 1166 quaeso,

138 1167 268 1205 venit?
292 1166 384 1205 'Cur
410 1168 455 1205 ad
484 1181 551 1206 nos
578 1169 712 1206 adduc-

135 1227 198 1257 tus
216 1221 301 1258 est?
355 1221 429 1272 Py.
458 1219 618 1268 Nesci0;
639 1223 711 1260 nisi

133 1285 258 1310 amore
285 1281 435 1324 captum
463 1273 577 1312 fuisse
604 1276 712 1313 credo

131 1322 352 1377 Pamphilae.
394 1327 465 1365 Th.
479 1325 602 1365 Hem!
631 1326 712 1366 Mi-

133 1379 236 1416 sera!
294 1380 435 1426 interii,
477 1380 619 1428 infelix,
664 1382 714 1419 si-

133 1431 286 1482 quidem
300 1440 342 1470 tu
361 1432 432 1470 ista
450 1433 532 1471 vere
549 1446 712 1472 comme-

131 1497 268 1524 moras.
320 1483 383 1523 An
415 1485 497 1524 ideo
519 1486 631 1538 virgo
659 1486 714 1524 la⁴

133 1535 303 1588 chrymas
344 1537 496 1586 fundit?
553 1539 627 1591 Py.
666 1538 712 1579 Id

130 1589 302 1628 arbitror.
380 1592 449 1630 Th.
501 1589 604 1634 Quid
642 1593 711 1639 ais,

133 1643 336 1696 sacrilega?
366 1642 507 1682 Nonne
527 1645 626 1683 istud
643 1646 711 1685 tibi

130 1695 258 1734 abiens
286 1697 426 1735 minata
453 1698 642 1749 impemvi,
663 1713 710 1737 ne

127 1749 185 1786 vir
215 1750 411 1801 quisquam
441 1751 486 1788 ad
519 1763 599 1789 eam
632 1752 712 1791 adi-

127 1803 214 1840 ret?
269 1803 344 1854 Py.
382 1801 487 1846 Quid
519 1803 706 1843 facerem?

127 1855 188 1893 ita.
219 1862 262 1892 ut
304 1856 511 1907 imperasti,
548 1856 603 1895 illi
638 1858 707 1896 soli

127 1907 369 1947 custodienda
403 1909 486 1946 data
518 1919 584 1948 est.
638 1911 708 1950 Th.

127 1957 308 2007 Pessima,
340 1961 431 2013 lupo
459 1975 567 2000 ovem
595 1971 707 2001 tuen—

126 2013 213 2051 dam
231 2013 375 2052 dedisti.
386 2014 488 2053 valde
499 2028 559 2052 me
574 2015 714 2067 pudet,

125 2066 181 2104 ita
211 2079 271 2104 me
288 2067 450 2105 delusam
484 2081 577 2106 esse.
605 2067 705 2112 Quae

125 2117 211 2156 haec
243 2129 298 2157 est
328 2121 471 2171 species
513 2119 702 2160 hominis?

125 2172 202 2224 Py.
216 2171 320 2211 Hera
333 2186 430 2221 inea,
445 2173 530 2220 sile;
546 2173 628 2222 sile,
638 2175 706 2213 ob-

126 2238 245 2272 secro,
278 2225 384 2264 salvae
411 2240 560 2274 sumus;
590 2226 706 2266 habe-

125 2290 211 2316 mus
230 2276 423 2317 hominem
437 2280 558 2331 ipsum
582 2279 707 2331 (Chae-

123 2330 243 2380 ream)
283 2332 324 2369 in
357 2333 482 2370 nostr&
511 2341 706 2383 potestate.

125 2383 195 2421 Th.
213 2382 292 2422 Ubi
310 2386 340 2422 is
360 2386 440 2422 est?
497 2386 570 2437 Py.
589 2384 707 2434 Hem,

715 180 773 234 P.
808 175 1157 231 TERENTII
1196 156 1626 232 EUNUCHUS.

772 321 932 388 Virgo
952 313 1356 374 conscissfi.veste
1380 320 1663 372 lacrumans
1680 299 1910 375 obticet:

760 391 1053 465 Eunuchus
1090 391 1243 456 abiit3
1282 393 1643 460 quamobrem?
1683 393 1805 463 quid
1845 395 2039 445 factum
2063 392 2191 449 ,est?

914 474 1048 514 taces
1069 464 1086 514 ?
2158 467 2191 515 5

771 534 870 603 Py.
900 534 1038 590 Quid
1059 535 1148 586 tibi
1176 544 1272 604 ego
1291 533 1457 585 dicam
1478 531 1691 586 misera?
1729 534 1876 589 illurn
1894 534 2191 606 eunuchum

913 615 1101 674 negant

770 675 960 728 Fuisse.
1039 676 1136 745 Th.
1175 675 1285 745 quis
1310 675 1404 726 suit
1424 675 1613 744 igitur?
1654 677 1754 744 Py.
1778 676 1869 728 iste
1893 677 2120 729 Chaerea.

778 747 870 798 le.
906 748 1012 801 Qui
1037 749 1280 800 Chaerea?
1356 748 1456 817 Py.
1494 747 1586 798 iste
1611 747 1850 816 ephebuS,
1869 749 2018 801 frater
2041 748 2192 800 Phae-

811 842 816 846 ·
910 820 1050 871 drize.

776 889 871 941 Th.
910 890 1051 945 Quid
1076 891 1163 954 εἰς,
1188 890 1443 942 venefica?
1484 891 1583 958 Py.
1621 889 1759 959 atqui
1785 891 1922 941 certo
1946 891 2190 961 comperi.

775 960 869 1023 Th,
907 962 1047 1016 Quid
1072 963 1110 1013 is
1130 965 1335 1015 obsecro
1354 962 1414 1012 ad
1437 963 1559 1013 nos?
1600 962 1930 1031 quamobrem
1954 962 2190 1015 adductu'

795 1054 801 1056 *
881 1074 885 1077 .
910 1034 1016 1084 est?
1091 1035 1188 1102 Py.
1229 1033 1399 1085 neseio
1413 1051 1429 1095 3
2126 1038 2192 1084 10

765 1102 878 1155 Nisi
903 1107 1092 1159 amasse
1113 1107 1262 1175 eredo
1287 1101 1628 1173 Pamphilam.
1693 1103 1792 1155 Th.
1814 1102 1953 1169 hem,
1977 1102 2189 1156 misera!

905 1176 1087 1239 occidi,
1223 1177 1228 1187 ’
1258 1196 1260 1198 ’

764 1244 967 1310 Infelix,
993 1247 1241 1316 siquidem
1267 1255 1320 1296 tu
1350 1245 1487 1297 istaec
1512 1263 1627 1308 vera
1650 1244 1914 1313 praediCaS.

764 1316 909 1368 Num
936 1317 988 1370 id
1013 1321 1261 1370 lacrumat
1285 1317 1458 1386 virgo?
1499 1316 1603 1387 Py.
1631 1317 1681 1369 id
1705 1317 1902 1386 opinor.
1947 1313 2040 1370 Th.
2063 1314 2189 1388 'quid
2215 1316 2223 1323 “

907 1389 997 1454 aiS,
1022 1390 1296 1458 saeribega?

764 1459 1017 1511 Istuccine
1043 1461 1367 1512 interminata
1383 1477 1497 1512 sum
1517 1459 1641 1511 hine
1666 1459 1836 1511 abiens
1861 1458 1988 1528 tibi?

765 1531 867 1599 Py.
893 1532 1031 1587 Quid
1049 1533 1302 1584 facerem?
1333 1532 1400 1582 ita
1419 1542 1476 1583 ut
1487 1529 1625 1600 justi,
1640 1531 1732 1582 soli
1752 1530 1939 1583 credita
1960 1540 2053 1584 est.
2119 1536 2185 1584 15

772 1603 864 1654 Th.
891 1603 1131 1668 Scelesta,
1156 1621 1300 1656 ovem
1328 1605 1448 1672 lupo
1474 1601 1743 1654 commisti.
1769 1601 2000 1671 dispudet

765 1673 852 1724 Sic
879 1674 1008 1726 mihi
1033 1675 1146 1726 data
1166 1677 1459 1726 esseverba.
1486 1674 1605 1742 quid
1631 1674 1754 1725 illuc
1778 1673 1998 1725 hominis
2021 1674 2129 1725 est?

763 1745 865 1815 Py.
894 1746 1035 1797 Hera
1056 1746 1199 1798 mea!
1237 1757 1379 1810 tace,
1415 1756 1544 1811 tace,
1563 1747 1784 1812 obsecro,
1811 1747 1960 1797 salvae
1977 1762 2150 1797 sumus
2167 1765 2184 1800 ι

907 1817 1169 1869 hominem
1964 1828 1968 1831 ’

764 1886 1029 1940 Habemus
1055 1890 1236 1958 ips-um.
1317 1888 1410 1939 ΊἸι.
1445 1887 1535 1939 ubi
1571 1887 1612 1939 is
1648 1889 1755 1940 est?
1830 1888 1932 1957 Py.
1967 1887 2088 1940 hem
2121 1886 2188 1940 ad

901 1959 1169 2024 sinistram,
1195 1978 1298 2011 non
1323 1958 1490 2010 vides?
2141 2021 2151 2027 ῃ

758 2028 858 2082 En.
940 2031 1033 2082 Th.
1058 2031 1220 2084 vide0.
1292 2031 1394 2100 Py.
1419 2030 1781 2101 comprehendi
1796 2029 1920 2101 jube
1938 2037 2185 2100 quantum

938 2113 1086 2157 otest.
2111 2107 2184 2153 20

763 2171 858 2225 Th.
880 2120 1018 2229 guid
1039 2174 1129 2226 illo
1147 2172 1316 2236 faciaS,
1333 2174 1511 2225 stulta?
1539 2174 1640 2241 Py.
1660 2172 1782 2242 quid
1797 2171 2181 2242 faciam,rogas?

757 2243 906 2308 Vide,
931 2246 1128 2310 amabo,
1153 2244 1193 2296 si
1218 2262 1336 2307 non,
1360 2247 1476 2296 cum
1502 2245 1727 2314 aspiciaS,
1751 2261 1804 2295 os
1824 2245 2091 2313 impudens

758 2314 985 2369 Videtur.
1005 2317 1101 2369 Th.
1116 2333 1237 2368 non.
1253 2316 1353 2384 Py.
1369 2326 1495 2381 tum,
1512 2333 1628 2386 quae
1644 2315 1749 2386 ejus
1765 2314 2069 2388 confidentia
2084 2313 2181 2368 est!

124 2436 274 2475 videsne
297 2437 402 2475 illum
421 2437 466 2475 ad
482 2439 693 2477 sinistram?
750 2440 818 2478 Th.
839 2438 969 2479 Video.
1024 2442 1097 2492 Py.
1116 2439 1259 2478 Manda
1273 2440 1312 2478 in
1324 2453 1410 2478 eum
1427 2423 1579 2478 manum
1598 2440 1713 2490 injici,
1728 2448 1903 2491 tanquam
1918 2440 1956 2477 in
1971 2438 2182 2492 fugitivum.

128 2489 198 2527 Th.
216 2488 320 2533 Quid
344 2490 397 2527 illi
416 2490 593 2529 faciemus
612 2492 894 2545 comprehenso;
913 2495 1065 2545 inepta?

1123 2494 1195 2545 Py.
1215 2491 1409 2536 Quoerisne
1428 2493 1527 2544 quid'
1536 2492 1672 2531 facias?
1704 2491 1799 2530 Vide
1817 2505 1958 2542 quaeso,
1980 2494 2011 2530 si
2033 2505 2107 2530 non
2125 2503 2182 2531 est

129 2541 326 2594 insigniter
344 2543 560 2595 impudens:
590 2558 636 2582 ex
650 2555 802 2598 aspectu
821 2548 910 2585 sane
923 2547 1063 2586 videtur
1082 2559 1173 2584 esse.
1228 2544 1367 2584 Nonne
1386 2546 1471 2586 talis
1486 2554 1554 2593 est,
1573 2545 1719 2598 qualem
1737 2546 1845 2586 dico?
1877 2546 1943 2584 Th.
1960 2544 2067 2585 Non.
2107 2546 2183 2600 Py.

124 2594 252 2647 Atque
270 2597 382 2637 etiam
397 2597 514 2649 qualis
535 2606 590 2636 est
608 2598 687 2649 ejus
705 2599 878 2638 audacia!

983 2665 1318 2734 ANNOTATIO.

298 2797 324 2829 4
353 2788 467 2838 Virgo
486 2787 662 2828 conscissa
678 2787 803 2842 veste]
857 2787 972 2828 ThaIs
988 2787 1145 2827 breviter
1163 2786 1271 2826 refert
1284 2801 1367 2840 quoe
1381 2787 1451 2826 sibi
1470 2785 1620 2840 Pythias
1637 2787 1749 2828 latius
1761 2793 2004 2828 recensuerat.

525 2996 937 3067 ACTUS
1011 2998 1090 3065 V.
1189 2995 1609 3066 SCENA
1679 2998 1769 3068 II.

619 3151 960 3221 CHAEREA.
1031 3153 1268 3207 THAls.
1340 3152 1667 3206 PYTHIAS.

183 3288 257 3329 Ch.
282 3286 329 3327 In
347 3289 489 3327 nedibus
506 3291 696 3344 Antipho-

123 3342 197 3389 nis,
215 3351 255 3380 et
279 3351 381 3394 pater
402 3352 442 3380 et
467 3354 585 3383 mater
602 3345 696 3394 ejus,

122 3396 227 3444 quasi
275 3395 444 3433 consulto
497 3407 697 3450 praesentes

123 3457 240 3494 erant,
271 3451 357 3486 cum
386 3450 587 3501 ingressuri
619 3463 697 3490 era·

121 3513 220 3546 mus,
254 3500 305 3537 ita
346 3509 390 3539 ut
441 3503 544 3541 nullo
585 3504 697 3542 modo

122 3552 275 3592 introire
289 3566 446 3604 possem,
461 3556 552 3605 quin
565 3569 626 3595 me
644 3557 698 3594 vi-

88 3604 271 3651 ‘derenu
315 3607 454 3645 interea
483 3608 573 3647 dum
607 3618 694 3647 ante

756 3289 854 3344 Ch..
877 3291 1044 3343 APUD
1069 3289 1416 3360 Antiphonem
1446 3301 1674 3361 uterque,
1699 3299 1860 3343 mater
1886 3298 1936 3343 et
1957 3300 2114 3361 pater,

751 3362 913 3417 Quasi
939 3362 1109 3414 dedita
1130 3365 1299 3431 opere,
1324 3362 1464 3415 domi
1487 3372 1645 3425 erant,
1669 3373 1727 3414 ut
1751 3364 1893 3415 nullo
1917 3364 2070 3416 modo

749 3432 964 3485 Introire
982 3451 1196 3502 possem,
1216 3433 1340 3502 quin
1358 3433 1583 3485 viderent
1609 3452 1722 3486 me:
1759 3433 1962 3486 interim

748 3503 893 3556 Dum
918 3514 1034 3555 ante
1059 3504 1242 3555 ostium
1263 3515 1356 3568 sto,
1381 3515 1528 3557 notus
1554 3505 1683 3557 mihi
1707 3505 1911 3574 quidam
1934 3502 2137 3564 obviem

749 3575 927 3627 Venit:
954 3575 1043 3626 ubi
1061 3574 1181 3639 vidi,
1201 3592 1295 3643 ego
1315 3593 1399 3626 me
1419 3576 1473 3627 in
1492 3577 1659 3645 pedeS,
1680 3578 1925 3645 quantum
1943 3593 2088 3644 quen,
2135 3578 2169 3628 5

116 3657 213 3695 fores
232 3667 305 3704 sto,
332 3667 440 3697 notus
457 3661 605 3710 quidam
622 3663 694 3700 mi·
746 3646 808 3698 ln
829 3646 1155 3717 angiportum
1179 3646 1433 3716 quoddam
1453 3647 1736 3700 desertum:
1773 3648 1891 3700 inde
1914 3645 2040 3701 item

119 3709 161 3748 hi
180 3712 338 3749 occurrit
360 3712 400 3749 in
416 3713 494 3751 vifi:
524 3714 631 3752 simul
651 3727 693 3752 ac

112 3763 207 3823 ¹vidi,
226 3777 311 3806 mox
329 3777 389 3807 me
407 3765 447 3806 in
466 3766 579 3820 pedes
593 3768 735 3822 conjeci
754 3767 866 3824 quum
882 3768 1057 3812 citissime
1073 3769 1112 3811 in
1130 3769 1367 3824 angiportum
1385 3769 1568 3826 quoddam
1583 3768 1785 3811 solitarium
1795 3757 1812 3818 ς’
1836 3766 1922 3809 inde
1939 3765 2050 3808 etiam
