2314 3944
0 1099 14 1174 5

0 1290 14 1352 {f

0 1352 12 1389 l:

810 36 832 53 f

841 151 1073 206 ACTUS
1114 151 1179 205 v.
1249 150 1484 227 scENA
1517 150 1619 216 11.

187 293 250 345 In
274 292 426 358 aliud,
445 294 563 346 inde
586 293 638 346 in
664 293 830 347 aliud:
869 294 938 347 ita
963 295 1270 347 miserrimus

176 365 283 418 ‚fui
311 365 587 434 fugitando,
610 383 673 416 ne
698 366 807 434 quis
833 386 915 418 me
942 376 1277 435 cognosceret.

186 435 288 487 Sed
308 447 446 488 estne
468 437 579 488 haec
599 437 770 498 Thais,
789 455 941 507 quam
966 438 1142 490 video?
1182 437 1292 506 ipsa
1311 445 1413 489 est:
1438 436 1606 488 haereo

186 506 327 573 Quid
385 507 587 560 faciam.
646 509 768 579 quid
825 512 940 560 mea
962 511 963 514 ’
994 509 1201 560 autem?
1277 508 1398 577 quid
1455 505 1607 558 faciet

327 577 490 630 mihi?
535 592 538 595 '
1152 600 1169 610 ⁴
1544 583 1606 628 lO

193 646 286 700 Th.
321 649 592 701 AdeamuS.
632 650 764 702 bone
801 650 891 714 vir,
928 650 1082 714 Dore,
1126 651 1288 701 salve:
1338 648 1420 700 dic
1460 648 1604 709 mihi,

179 720 526 842 Aufugistin’?>
582 719 676 774 Ch.
699 722 834 786 hera,
859 724 1069 774 factum.
1132 719 1189 773 T
1187 723 1233 773 h.
1263 719 1415 772 satin'
1431 719 1483 770 id
1507 718 1600 770 tibi

324 809 359 860 p
381 803 518 843 acet.

132 886 135 897 ι
185 828 284 924 α.
311 862 449 915 Non.
506 860 598 915 Th.
625 855 1116 934 credin’teimpune
1139 831 1465 915 habitarum?
1509 857 1600 911 Ch.

323 952 479 986 unam
505 934 636 986 hanc
660 934 862 987 noxiam

179 1001 367 1056 Mitte:
405 1005 445 1056 si
471 1006 623 1056 aliam
647 1023 869 1073 unquam
897 1004 1143 1055 admisero
1167 1006 1341 1068 ullam,
1365 1002 1599 1055 occidito.

188 1074 283 1127 le.
325 1076 482 1128 Num*
505 1094 670 1127 meam
706 1076 951 1127 saevitiam
976 1077 1156 1128 veritus
1181 1077 1270 1126 es?
1352 1075 1439 1127 Ch.
1478 1092 1596 1126 non.

329 1146 428 1200 Th..
468 1147 588 1216 quid
613 1147 796 1214 igitur?
1304 1159 1306 1161 ’
1533 1152 1594 1198 15

184 1215 269 1269 Ch.
311 1217 464 1269 Hanc
489 1218 664 1280 metui,
687 1236 752 1269 ne
778 1236 860 1269 me
887 1219 1235 1270 criminaretur
1260 1217 1366 1268 tibi.
1482 1275 1491 1285 .

184 1286 241 1340 T
234 1287 283 1345 h.
324 1289 463 1344 Quid
488 1290 710 1340 feceras?
770 1288 859 1343 Ch.
886 1293 1149 1359 paululum
1177 1290 1432 1360 quiddam.
1488 1287 1593 1361 Py.

319 1360 431 1425 eho,
455 1361 739 1431 paululum,
762 1362 1061 1430 impudens?

139 1494 144 1499 .
174 1430 259 1486 An
282 1434 548 1499 paululum
574 1449 677 1482 csse
702 1432 799 1483 hoc
822 1433 916 1484 tibi
938 1433 1150 1495 videtur,
1174 1431 1422 1499 virginem

171 1500 363 1554 Vitiare
387 1503 583 1575 civem?
665 1502 753 1555 Ch.
791 1521 1081 1556 conservam
1100 1523 1203 1555 esse
1229 1503 1432 1554 credidi.
1597 1555 1601 1559 ζ

176 1571 284 1645 Py.
322 1573 661 1638 Conservam?
700 1574 785 1626 vix
816 1593 900 1628 me
933 1575 1184 1641 contineO,
1222 1574 1345 1645 quin
1371 1574 1591 1630 involem

318 1645 375 1697 in
1439 1683 1447 1702 .
1522 1652 1602 1698 20·

174 1714 447 1784 Capillum.
467 1717 777 1770 monstrum!
816 1717 968 1770 etiam
988 1719 1120 1769 ultro
1139 1716 1356 1768 derisum
1373 1717 1589 1769 advenit.

177 1785 238 1838 T
232 1788 277 1839 Ιι.
298 1787 450 1840 Abin’
465 1787 602 1851 hinc,
622 1788 820 1841 insana?
845 1789 950 1872 Py.
969 1789 1089 1858 quid
1110 1789 1177 1839 ita
1195 1789 1336 1839 vero?
1361 1790 1588 1853 debeam,

175 1855 359 1923 Cred0,
384 1859 464 1911 isti
489 1849 763 1929 quidqdam
788 1861 1038 1925 furclferO,
1057 1860 1099 1910 si
1125 1860 1176 1911 id
1199 1859 1435 1923 fecerim5

130 1955 136 1960 ·
171 1927 457 1982 Praesertim
484 1932 603 1982 cum
628 1950 680 1982 se
704 1949 896 1983 servom
921 1933 1133 1984 fateatur
1153 1941 1313 1983 tuum.

178 2000 271 2053 Th·
303 2001 462 2054 Missa
483 2001 598 2053 haec
621 2003 880 2055 faciamus
910 2022 1009 2054 non
1035 2013 1085 2054 te
1111 2002 1339 2070 dignum,
1364 2001 1588 2065 Chaerea,

171 2070 387 2124 Fecisti:
425 2091 543 2124 nam
569 2074 610 2124 si
635 2093 730 2142 ego
754 2074 908 2142 digna
930 2075 1027 2125 hac
1049 2074 1358 2125 contumelia
1515 2079 1585 2125 ⁶26

171 2142 299 2194 Sum
325 2144 560 2209 maxime,
590 2156 641 2196 at
665 2157 720 2196 tu
746 2145 979 2214 indignus
1006 2145 1091 2214 qui
1116 2147 1300 2196 faceres
1325 2154 1516 2198 tamen.

170 2213 354 2283 Neque
373 2216 586 2284 aedepol,
612 2216 734 2284 quid
758 2235 894 2268 nunc
920 2218 1096 2268 consili
1116 2216 1331 2283 capiam,
1359 2217 1479 2281 sci0‚

169 2283 254 2335 De
279 2285 467 2354 virgine
491 2288 644 2340 istac:
668 2287 751 2339 ita
774 2289 1080 2340 conturbasti
1106 2287 1231 2338 mihi
1250 2310 1261 2330 s

170 2354 410 2407 Rationes
426 2375 625 2424 omnes,
651 2369 707 2409 ut
729 2377 840 2410 eam
867 2377 967 2411 non
995 2358 1178 2428 possim
1203 2358 1318 2421 suiS,
1513 2362 1586 2411 30

168 2427 247 2480 Ita
271 2438 328 2478 ut
362 2445 560 2498 aequom
583 2432 759 2493 fuerat,
795 2441 944 2498 atque
968 2441 1025 2481 ut
1049 2429 1232 2494 studui,
1269 2428 1492 2482 tradere:
1528 2440 1587 2481 ut

169 2498 400 2550 Solidum
426 2517 650 2568 parerem
676 2501 772 2552 hoc
791 2502 920 2554 mihi
943 2501 1264 2565 beneficium,
1291 2500 1515 2561 Chaerea.

174 2569 262 2620 Ch.
272 2570 338 2620 At
348 2589 484 2621 nunc
499 2571 682 2623 dehinc
698 2590 840 2641 spero
859 2583 1100 2624 aeternam
1117 2572 1248 2623 inter
1268 2589 1355 2622 nos
1372 2571 1583 2638 gratiam

169 2639 314 2704 Fore,
345 2641 393 2692 T
395 2641 516 2694 bais,
557 2661 688 2711 saepe
726 2662 787 2701 ex
823 2643 1112 2714 hujusmodi
1147 2661 1199 2694 re
1237 2643 1490 2712 quapiam,
1534 2652 1586 2693 et

164 2711 313 2763 Malo
338 2730 399 2762 ex
422 2713 670 2781 principio
695 2733 878 2782 magna
901 2715 1208 2766 famiIIaritas
1514 2719 1580 2765 35

167 2781 396 2834 Conflata
422 2794 509 2836 cst.
539 2786 658 2853 quid
679 2786 717 2836 si
743 2785 840 2837 hoc
867 2785 1295 2855 quispiamvoluit
1319 2785 1472 2837 deus?

172 2852 264 2906 Ἧι.
284 2854 537 2923 Equidem
556 2858 639 2925 pol
660 2857 712 2908 in
728 2875 840 2908 eam
860 2870 1050 2926 partem
1071 2857 1365 2926 accipioque
1385 2867 1435 2907 et
1453 2857 1583 2908 volo·

172 2922 267 2977 Ch.
305 2925 418 2977 Imo
442 2926 512 2979 ita
535 2941 734 2996 quaeso:
774 2931 932 2980 unum
959 2929 1056 2980 hoc
1079 2929 1222 2993 scit0‚
1255 2927 1580 2979 contumeliae

2161 154 2233 210 93

1653 293 1698 330 ,in
1719 291 1831 337 aliud,
1857 290 1942 330 inde
1967 289 2005 328 in
2029 290 2151 330 aliud:
2180 293 2233 332 ita

1657 344 1852 396 fugitando
1904 344 2128 382 miserrimus
2158 343 2231 391 fui,

1657 407 1827 436 metuens
1839 397 1973 447 nequis
1986 409 2045 434 me
2054 409 2231 448 agnosce-

1658 460 1726 489 ret.
1779 448 1855 488 Sed
1882 458 1984 487 estne
2003 446 2084 486 haec
2100 447 2232 496 Thais,

1659 516 1769 556 quam
1794 503 1927 541 video?
1957 501 2042 552 Ipsa
2059 509 2135 539 est:
2155 501 2233 540 ‘in-
2309 498 2311 500 ’

1658 565 1778 594 certus
1810 559 1892 593 s'um
1923 555 2035 592 animi
2067 555 2156 605 quid
2188 567 2231 591 a-

1657 622 1753 659 gam.
1809 607 1946 646 Verum
1965 607 2054 659 quid
2071 607 2155 645 mea
2172 620 2231 645 re-

1658 661 1754 699 fert?
1776 659 1878 705 Quid
1893 660 2003 698 faciet
2016 657 2140 698 mihi?
2162 660 2228 701 Th.

1656 713 1795 752 Eamus
1817 714 1862 752 ad
1880 727 1978 752 eum.
2031 711 2140 750 Bone
2159 713 2229 760 vir,

1651 765 1771 811 Dore,
1825 765 1942 804 salve:
2005 765 2066 803 dic
2115 764 2228 813 mihi,

1651 818 1830 871 fugistine
1847 819 1982 857 domo?
2016 818 2085 858 Ch.
2108 816 2228 867 Hera,

1652 871 1691 909 id
1725 871 1807 910 feci.
1870 872 1938 910 Th.
1964 869 2136 910 Hoccine
2170 870 2229 909 fe-
2265 875 2270 881 ⁴

1652 926 1745 962 cisse
1788 925 1858 963 tibi
1892 925 2113 974 jucundum,
2134 925 2226 962 ess?

1656 976 1726 1016 Ch..
1745 976 1920 1015 Minime.
1964 978 2030 1016 Th.
2049 976 2234 1026 Credisne,

1645 1028 1724 1068 'hoc
1743 1031 1894 1082 impune
1918 1039 1957 1068 et
1978 1030 2137 1068 inultum
2155 1030 2227 1070 tibi

1650 1078 1757 1121 fore?
1817 1083 1888 1122 Ch.
1915 1081 2045 1126 Unum
2064 1081 2137 1121 hoc
2157 1083 2224 1122 de·-

1650 1136 1780 1174 lictum
1829 1134 1922 1174 mihi
1963 1137 2135 1174 remitte:
2187 1136 2224 1174 si

1649 1188 1751 1226 aliud
1793 1202 1957 1239 unquam
1999 1189 2222 1227 commisero

1647 1241 1778 1286 ullum,
1825 1242 1987 1279 interfici
2018 1256 2078 1280 me
2112 1241 2221 1292 jube.

1649 1295 1715 1332 Th.
1743 1292 1850 1332 Num
1891 1307 2011 1333 meam
2045 1295 2221 1334 duritiam

1648 1355 1687 1385 et
1739 1347 1993 1385 crudelitatem
2046 1348 2239 1395 timuisti„

1648 1400 1740 1437 adeo
1755 1410 1800 1438 ut
1820 1399 1993 1451 fugeres?
2027 1399 2097 1438 Ch.
2113 1399 2221 1440 Non.

1649 1454 1714 1490 Th.
1767 1451 1871 1496 Quid
1923 1451 2066 1504 igitur?
2146 1452 2221 1492 Ch.

1645 1505 1769 1543 Timui
1792 1519 1840 1544 ne
1858 1507 1928 1543 ista
1955 1503 2134 1556 (Pythias)
2156 1519 2218 1544 me

1645 1568 1831 1597 accusaret
1877 1558 1976 1610 apud
2027 1567 2078 1596 te.
2148 1559 2219 1598 Th.

1646 1610 1771 1655 Quam
1789 1611 1934 1662 culpam
1947 1610 2111 1650 feceras?
2145 1611 2217 1650 Ch.

1638 1663 1782 1703 *Levem
1822 1665 2004 1715 quandam
2056 1664 2217 1715 culpam.

1643 1718 1718 1769 Py.
1743 1715 1830 1755 Eho
1844 1717 1976 1763 levem,
1989 1717 2216 1769 impudens?

1640 1770 1704 1816 Au
1722 1770 1839 1808 levem
1857 1783 1934 1808 esse
1951 1770 2096 1822 culpam
2115 1771 2216 1808 aesti-

1641 1837 1732 1870 mas,
1761 1823 1891 1875 virgini
1909 1823 1977 1860 civi
2003 1823 2136 1865 vitium
2157 1822 2216 1861 af-

1639 1875 1762 1915 ferre?
1848 1875 1916 1915 Ch.
1989 1874 2215 1915 Conservam

1639 1942 1760 1968 meam
1771 1942 1849 1968 esse
1859 1929 1996 1980 putavi.
2023 1930 2096 1980 Py.
2109 1926 2213 1967 Con-

1640 1995 1779 2020 servam
1808 1982 1961 2034 putfisti.
2014 1979 2090 2020 Vix
2118 1979 2213 2021 mihi
2262 1978 2264 1983 ⁴

1639 2044 1804 2087 tempero
1821 2036 1912 2085 quin
1939 2036 2074 2073 irruam
2090 2034 2130 2072 in
2148 2047 2212 2072 co-

1637 2099 1749 2126 mam.
1816 2086 2052 2126 Monstmml.
2097 2088 2211 2127 etiam

1638 2153 1706 2179 nos
1729 2149 1773 2179 ut
1803 2141 1962 2178 ludibrio
1990 2139 2138 2187 habeat,
2162 2153 2212 2180 ex

1638 2194 1815 2232 industria
1838 2193 1910 2232 huc
1928 2193 2087 2239 advenit,
2142 2194 2210 2233 Th.

1637 2246 1752 2284 Abin’
1792 2245 1897 2293 hinc,
1941 2246 2082 2284 stulta?
2137 2247 2218 2298 Py..

1637 2298 1757 2342 Quas?
1796 2301 1881 2337 vero
1910 2299 2024 2337 ullam
2059 2312 2211 2350 poenam

1636 2352 1790 2390 debeam
1809 2353 1871 2390 isti
1887 2351 2077 2398 furcifem,
2103 2353 2136 2389 si
2152 2353 2211 2390 in-

1638 2405 1828 2443 volaverim
1847 2406 1884 2442 in
1913 2405 2085 2456 capillum
2103 2405 2207 2454 ejus:

1637 2459 1842 2511 praesertim
1853 2458 1938 2496 cum
1951 2471 2025 2494 non
2035 2457 2208 2504 liberum,

1636 2511 1701 2549 sed
1736 2524 1879 2557 servum
1916 2519 2024 2548 tuum
2055 2522 2094 2548 se
2127 2523 2210 2548 esse

1635 2565 1866 2615 profiteatur.
1917 2563 1983 2601 Th.
2008 2560 2106 2600 Haec
2124 2564 2209 2600 inu-

1637 2617 1714 2654 tilia
1726 2618 1952 2654 omittamus.
1966 2613 2057 2654 Non
2073 2624 2110 2652 te
2119 2615 2210 2654 faci-

1637 2683 1707 2707 nus
1721 2670 1872 2720 dignum
1891 2669 2083 2714 admisisti,
2097 2666 2210 2706 Chae-

1637 2735 1720 2760 rea:
1751 2735 1834 2759 nam
1862 2723 2029 2772 quamvis
2086 2731 2208 2772 roptet

1635 2775 1886 2813 conditionem
1912 2787 2033 2812 meam
2073 2774 2129 2811 lac
2149 2775 2209 2812 in-

1629 2828 1729 2878 juria
1754 2828 1910 2865 maxime
1936 2828 2047 2880 digna
2063 2824 2206 2871 videam

1636 2891 1758 2920 tamen
1786 2890 1827 2918 tu
1856 2880 2032 2932 indignus
2061 2892 2115 2925 es,
2140 2882 2207 2930 qui

1633 2937 1715 2972 eam
1729 2932 1823 2972 mihi
1837 2931 1987 2978 faceres,
2005 2945 2125 2983 neque
2138 2945 2207 2982 per

1633 2985 1821 3025 Pollucem
1855 2998 1954 3024 nunc
1983 2987 2062 3023 scio
2094 2983 2204 3035 quale

167 3042 363 3080 consilium
383 3044 525 3095 capiam
540 3043 584 3081 de
603 3043 674 3082 ista
692 3045 854 3097 virgine:
884 3046 935 3083 ita
949 3058 1004 3082 res
1023 3058 1122 3084 meas
1136 3043 1335 3083 confudisti
1353 3058 1495 3089 omnes,
1511 3051 1553 3082 ut
1566 3054 1646 3078 eam
1661 3052 1839 3090 nequeam
1858 3039 1934 3076 suis
1949 3038 2075 3083 talem,
2089 3037 2209 3096 iata&

164 3102 252 3139 tam,
265 3103 305 3132 et
317 3096 492 3145 virginem
508 3097 668 3142 reddere,
684 3099 736 3135 ita
754 3108 794 3134 ut
807 3111 952 3147 aequum
969 3097 1101 3144 fuerat,
1120 3109 1230 3150 atque
1241 3108 1284 3136 ut
1297 3100 1399 3135 omni
1417 3098 1538 3135 studio
1554 3102 1682 3131 conata
1695 3092 1748 3130 fui
1763 3107 1771 3128 z
1802 3101 1842 3128 ut
1857 3094 2035 3141 integram
2049 3099 2203 3141 granam

164 3145 299 3184 inirem
313 3147 335 3185 a
349 3146 546 3186 Chremete
562 3160 598 3187 et.
612 3150 761 3200 reliquis
778 3151 925 3202 virginis
940 3152 1123 3202 cognatis-13
1154 3162 1197 3189 ut
1210 3151 1394 3202 integrum
1408 3160 1447 3188 et
1460 3149 1663 3202 perfectum
1678 3144 1750 3183 hoc
1763 3144 1983 3181 beneficium
1998 3142 2203 3180 conferrem

132 3202 135 3203 ’
161 3197 203 3235 in
219 3194 455 3238 'Chremetem
469 3209 507 3238 et
518 3203 662 3253 virg-inis
679 3213 867 3253 cognatos.
923 3205 992 3242 Ch.
1020 3203 1073 3242 At
1091 3217 1191 3241 nunc
1210 3204 1341 3241 exinde
1358 3215 1466 3254 spero
1486 3210 1660 3240 aeternam
1674 3196 1751 3235 fore
1765 3197 1863 3233 inter
1880 3209 1944 3233 nos
1963 3208 2106 3241 omnes,
2127 3208 2203 3242 me,

163 3249 280 3297 illam,
299 3261 339 3289 et
357 3260 410 3298 te,
423 3250 881 3301 benevolentiam,‘Tha·1·s:
899 3270 983 3295 nam
1002 3270 1099 3308 saepe
1113 3270 1158 3294 ex
1173 3257 1282 3295 simili
1296 3270 1335 3294 re
1349 3255 1469 3306 aliqua
1482 3251 1710 3296 turbulenta,
1723 3260 1834 3299 atque
1848 3262 1894 3286 ex
1912 3249 2006 3286 malo
2020 3248 2203 3299 }'¹³¹¹¹<'ll’io

163 3315 298 3353 magna
312 3306 544 3344 necessitudo
561 3314 598 3344 et
615 3308 825 3357 conjunctio
842 3319 1029 3347 contracta
1047 3319 1114 3347 est.
1146 3307 1249 3352 Quid
1265 3309 1295 3346 si
1318 3307 1406 3357 hoc,
1419 3316 1567 3348 auctore
1585 3305 1710 3354 aliquo
1727 3303 1812 3346 deo,
1830 3300 1969 3350 factum
1992 3301 2076 3339 est?
2133 3301 2203 3341 Th·
2268 3315 2271 3318 “

162 3353 348 3405 Equidem
364 3356 440 3407 pol,
459 3358 497 3396 in
511 3368 745 3410 campartem
764 3370 800 3399 et
814 3363 967 3414 accipio,
985 3371 1023 3400 et
1037 3363 1086 3401 ita
1104 3362 1186 3401 volo
1200 3362 1361 3401 evenire.
1416 3361 1488 3400 Cli.
1514 3355 1781 3404 Qului¹11⁰nlt²
1794 3364 1839 3392 ut
1853 3353 2026 3406 accipias>
2044 3363 2084 3391 et
2096 3353 2201 3402 velis»

161 3417 201 3446 te
215 3419 324 3460 rogo:
352 3407 423 3447 hoc
440 3423 556 3450 uuum
569 3412 662 3451 scias
677 3412 803 3461 velim,
1295 3412 1297 3414 ’
1729 3420 1730 3423 ’

1016 3578 1350 3621 ΑΝΝΟΤΑΊἸΟ.

188 3680 189 3683 ’
213 3674 261 3714 27
291 3669 344 3709 At
362 3676 403 3709 tu
425 3671 599 3722 indzgnus
616 3672 829 3724 qui-faceres
848 3675 999 3726 tamen]
1057 3673 1101 3713 Irl
1119 3685 1188 3719 est,
1205 3689 1278 3712 non
1299 3682 1335 3712 te
1354 3673 1479 3711 decuit
1497 3684 1577 3711 eam
1600 3672 1772 3722 injuriam
1791 3669 1882 3713 mihi
1898 3669 2033 3719 facere,
2052 3669 2138 3709 cum
2155 3668 2206 3707 sis

158 3717 269 3763 frater
283 3720 464 3767 Phaedriae
481 3726 556 3768 mei
573 3728 757 3779 amatoris,
775 3737 815 3768 et
827 3727 1023 3782 diligenter
1037 3740 1078 3770 ac
1095 3727 1297 3770 liberaliter
1310 3727 1424 3770 fueris
1441 3727 1648 3769 institutus.

1226 3885 1230 3906 l
