2340 3964
1134 154 1196 203 15
1265 169 1276 210 ’,

556 414 963 504 ‚ACTUS
1037 434 1091 500 1.
1189 426 1748 499 SCENAV.

788 616 1231 686 PAMPHILUS.
1304 616 1539 670 MYSIS.

135 763 238 818 Pa.
275 763 535 817 HoccmE
578 770 653 814 est
691 761 977 819 humanum
1022 761 1215 811 factum
1255 770 1343 811 aut
1380 759 1559 829 incep-

215 860 218 867 ·
276 836 424 887 tum?
462 835 679 886 hoccine
703 844 778 884 est
800 827 1024 884 officium
1048 831 1235 900 patris?

135 904 250 976 My.
287 907 427 963 Quid
453 906 581 958 illud
605 905 713 956 est?

137 976 246 1030 Pa.
282 979 378 1031 Pro
414 979 562 1030 deum
600 986 749 1045 atque
783 972 1051 1024 hominum
1088 971 1272 1026 fidem!
1311 970 1433 1040 quid
1468 980 1558 1035 est,

277 1049 316 1101 si
343 1061 442 1101 non
463 1049 576 1100 haec
601 1043 907 1098 contumelia
933 1053 1007 1094 e'st
1027 1044 1045 1094 ?
1321 1043 1559 1112 [oportuit

136 1118 364 1172 Uxorem
403 1121 625 1172 decrerat
666 1117 781 1167 dare
821 1131 926 1165 sese
963 1113 1092 1166 mih-i
1130 1113 1297 1166 hodie.
1371 1114 1557 1165 Nonne

134 1190 396 1243 Praescisse
433 1207 515 1242 me
551 1189 706 1241 ante?
747 1204 917 1238 nonne
951 1185 1091 1256 prius
1117 1185 1555 1237 communicatum

275 1261 527 1331 oportuit?
752 1255 754 1259 ¹
1523 1262 1554 1308 5

132 1331 253 1404 My.
286 1332 529 1384 Miseram
556 1329 669 1382 me!
709 1328 842 1400 quod
868 1329 1073 1379 verbum
1099 1328 1289 1380 audio?

134 1404 237 1466 Pa.
273 1403 414 1459 Quid
438 1402 712 1455 Chremes?
753 1399 840 1471 qui
864 1400 1136 1468 denegarat
1169 1418 1222 1451 se
1260 1397 1557 1452 commissu-

274 1493 388 1527 rum
414 1474 544 1527 mihi
1509 1534 1512 1537 X

134 1545 357 1598 Gnatam
381 1564 523 1598 suam
559 1561 764 1595 uxorem
790 1562 802 1596 :
844 1543 897 1594 id
931 1541 1160 1607 mutavit,
1185 1542 1304 1611 quia
1340 1555 1423 1595 me
1458 1542 1559 1594 im-

275 1627 525 1669 mutatum
551 1615 721 1667 videt?

131 1687 275 1741 Itane
297 1688 543 1740 obstinate
579 1703 783 1755 operam
820 1684 921 1750 dat,
946 1692 1002 1735 ut
1036 1702 1121 1738 me
1144 1686 1175 1736 a
1198 1681 1436 1754 Glycerio
1451 1683 1558 1741 ¹mi·-

227 1781 230 1785 ’
274 1777 443 1813 serum
466 1757 753 1810 abstrahat?
1148 1768 1153 1773 ’
1375 1759 1380 1763 ’

134 1829 291 1886 Quod
311 1830 353 1882 si
373 1830 447 1895 fit,
466 1846 617 1900 pereo
641 1825 887 1879 funditus.
924 1838 926 1842 ·
1108 1868 1110 1870 .
1495 1833 1560 1879 10

134 1901 330 1957 Adeon’
363 1900 627 1954 hominem
666 1916 771 1950 esse
809 1898 1150 1962 invenustum,
1175 1908 1262 1951 aut
1298 1899 1559 1952 infelicem

276 1989 583 2043 quenquam,
607 1981 665 2022 ut
688 1987 784 2038 ego
798 1969 946 2020 sum?

134 2042 233 2095 Pro
256 2042 408 2096 deum
433 2054 583 2113 atque
607 2041 877 2093 hominum
900 2039 1052 2092 fidem
1077 2039 1087 2092 !
1128 2041 1320 2093 nullon’
1347 2059 1441 2111 ego

133 2113 416 2168 Chremetis
441 2124 590 2185 pacto
614 2113 911 2165 affinitatem
935 2110 1158 2181 effugere
1182 2114 1389 2182 potero?
1417 2113 1561 2170 Quot

277 2187 439 2238 modis
1364 2185 1558 2254 [Heml

135 2254 508 2328 ContemptuS,
547 2254 779 2326 spretus?
858 2254 1005 2318 faeta,
1064 2264 1312 2310 transacta
1369 2257 1556 2309 omnia.

137 2325 448 2397 Repudiatus
484 2338 709 2396 repetor:
755 2326 1122 2396 quamobrem?
1172 2327 1270 2379 nisi
1304 2327 1347 2379 si
1382 2327 1436 2379 id
1470 2334 1560 2393 est',

278 2400 414 2467 quod
435 2400 688 2468 suspicor:
1498 2405 1558 2451 15

135 2469 344 2539 Aliquid
365 2471 572 2522 monstri
595 2470 766 2522 alunt:
798 2485 856 2518 ea
881 2468 1119 2538 quoniam
1148 2469 1343 2523 nemini
1360 2470 1562 2523 obtrudi

345 2550 455 2604 test,
918 2591 920 2595 ,

135 2611 245 2664 Itur
267 2559 470 2664 gine.»
513 2613 624 2680 My.
652 2610 808 2663 oratio
842 2611 955 2663 haee
993 2629 1077 2663 me
1115 2611 1348 2664 miseram
1387 2613 1560 2665 exani-

280 2684 437 2736 mavit
460 2695 616 2736 metu,
1386 2722 1389 2725 ,

137 2754 236 2806 Pa.
276 2754 411 2807 Nam
440 2755 560 2824 quid
584 2772 680 2823 ego
704 2753 870 2805 dicam
896 2754 958 2805 de
982 2754 1155 2824 patre?
1194 2754 1258 2805 ah
1281 2754 1300 2805 1¹
1374 2755 1560 2823 [modo,

135 2823 422 2878 Tantamne
446 2845 552 2877 rem
580 2835 683 2878 tam
710 2825 1024 2892 negligenter
1047 2842 1195 2893 agere
1215 2826 1232 2876 ?
1271 2826 1562 2895 praeteriens

76 2905 78 2907 ’
138 2895 274 2950 Mihi
293 2898 427 2966 apud
445 2899 627 2960 forum,
650 2896 791 2948 Uxor
809 2896 900 2947 tibi
922 2896 1152 2948 ducenda
1171 2907 1260 2961 est,
1281 2897 1562 2967 Pamphile,

278 2968 446 3034 hodie,
471 2969 659 3039 inquit:
699 2986 846 3038 para:
1491 2973 1562 3021 20

1664 759 1734 797 Pa.
1760 758 1824 796 An
1849 757 1922 797 hoc
1938 758 2093 809 factum,
2118 773 2184 802 aut

1612 811 1806 862 inceptum
1823 821 1950 850 contra
1964 813 2093 862 filium,
2111 813 2184 854 hu—

1613 877 1766 902 manum
1783 865 1866 902 est?
1895 878 1943 903 an
1969 864 2042 906 hoe
2069 868 2186 907 offici-

1613 929 1680 954 um
1705 924 1762 954 est
1786 918 1930 967 patris?
1973 920 2061 971 My.
2079 919 2186 964 Quid

1609 967 1702 1006 illud
1718 970 1797 1007 est?
1839 971 1908 1008 Pa.
1921 968 2042 1018 Deos,
2060 972 2185 1013 homi-

1610 1034 1748 1072 nesque
1765 1030 1894 1069 testor,
1913 1024 1944 1061 si
1962 1022 2034 1062 hoc
2052 1036 2186 1064 contu·-

1609 1073 1721 1112 melia
1744 1088 1821 1112 non
1851 1085 1922 1122 est,
1942 1078 2032 1126 quid
2049 1079 2185 1118 deinde

1609 1128 1760 1165 nomine
1789 1129 2026 1167 contumeliae
2055 1133 2186 1183 appel-

1608 1179 1758 1218 landum
1783 1181 1880 1219 erit?
1911 1179 1950 1219 Si
1970 1191 2076 1234 pater
2093 1198 2185 1229 eon-

1609 1233 1781 1271 stituerat
1816 1231 1910 1276 mihi
1947 1234 2032 1272 dare
2070 1235 2182 1276 hodie
2255 1250 2261 1253 ‘

1609 1298 1778 1332 uxorem,
1796 1299 1920 1325 nonne
1944 1289 2030 1326 ante
2048 1290 2093 1328 de
2110 1288 2183 1329 hac

1611 1351 1651 1375 re
1666 1340 1802 1377 certior
1814 1340 1893 1378 fieri
1906 1339 2043 1379 debui?
2074 1341 2184 1382 Non-

1611 1404 1659 1430 ne
1673 1391 1870 1430 consilium
1892 1401 1930 1430 et
1949 1393 2185 1434 deliberatio—

1611 1455 1698 1482 nem
1716 1445 1959 1497 participare?
1990 1441 2080 1498 My.
2105 1446 2185 1493 Mi-

1612 1510 1729 1536 seram
1763 1499 1843 1537 me!
1888 1499 1987 1550 quod
2029 1501 2200 1542 verbum>

1611 1549 1748 1588 audio?
1778 1551 1848 1589 Pa.
1876 1549 1981 1595 Quid
1997 1552 2042 1590 de
2067 1553 2187 1593 Chre·

1612 1602 1870 1650 metewncam,
1889 1605 1956 1656 qui
1985 1605 2189 1659 denegave«

1613 1652 1678 1694 rat'
1693 1668 1733 1694 se
1757 1655 1928 1696 daturum
1948 1657 2062 1696 filiam
2079 1673 2185 1700 suam

1611 1709 1651 1746 in
1684 1710 1862 1750 uxorem?
1905 1707 2071 1750 Mutavit
2100 1727 2188 1752 sen·-

1610 1761 1782 1808 tentiam,
1809 1763 1897 1814 quia
1925 1776 1986 1801 me
2017 1766 2185 1809 animum

1611 1815 1861 1854 immutavisse
1877 1816 2084 1869 intelligit?
2114 1820 2187 1857 ita-

1613 1881 1659 1904 ne
1675 1868 1858 1921 obstinate
1883 1868 2037 1918 laborat,
2053 1879 2097 1909 ut
2122 1885 2186 1911 me

1611 1921 1787 1959 miserum
1805 1920 1827 1959 a
1851 1920 2026 1974 Glycerio
2047 1923 2187 1964 abstra-

1611 1971 1701 2012 hat?
1749 1971 1864 2017 Quod
1903 1976 1935 2013 si
1969 1976 2028 2022 fit,
2072 1989 2188 2028 pereo

1610 2039 1771 2077 prorsus.
1819 2027 1975 2066 Adeone
1991 2029 2073 2080 quis
2101 2044 2188 2070 uam

1611 2078 1807 2121 hominum
1825 2081 1963 2119 invisus
1981 2091 2037 2120 est
2063 2044 2188 2122 oene-

1613 2132 1658 2178 ri‚
1675 2140 1713 2170 et
1729 2131 1903 2181 fortunae,
1921 2143 1966 2172 ut
1983 2147 2053 2187 ego
2070 2137 2184 2175 sum?

1612 2183 1714 2223 Proh
1746 2183 1875 2224 Deum
1909 2196 2019 2238 atque
2064 2186 2195 2227 homi-·

1614 2251 1705 2276 num
1738 2238 1868 2277 fidem!
1913 2239 2079 2279 Nullone
2115 2255 2186 2299 ego

1613 2300 1724 2342 pacto
1761 2291 1904 2331 efficere
1947 2305 2092 2344 potero,
2145 2301 2189 2334 ut

1614 2342 1792 2382 Chremes
1811 2344 1903 2382 mihi
1922 2345 2039 2384 affinis
2059 2357 2096 2385 et
2126 2362 2188 2386 so·-

1613 2410 1675 2434 cer
1704 2411 1780 2435 non
1811 2399 1890 2436 sit?
1934 2397 2042 2441 Quot
2068 2402 2188 2440 modis

1615 2449 1824 2500 despectus,
1842 2459 1882 2488 et
1893 2462 2039 2502 spretus
2055 2452 2102 2491 ab
2122 2454 2189 2492 illo

1614 2501 1698 2541 fui?
1771 2501 1883 2541 Facta
1925 2512 1965 2541 et
2007 2514 2190 2545 transacta

1615 2556 1742 2594 omnia
1764 2555 1803 2593 in
1817 2556 2074 2596 contrahendis
2092 2573 2190 2611 nup-

1615 2609 1694 2655 tiis,
1711 2617 1839 2660 postea
1860 2610 2075 2661 repudiatus
2091 2626 2188 2651 sum.

1613 2659 1731 2707 Hem,
1771 2663 1985 2714 repudiatus
2017 2675 2188 2716 repetor:

1614 2711 1900 2757 Quamobrem?
1944 2729 2091 2755 causam
2131 2720 2188 2770 ig·
2266 2718 2269 2725 ’

1613 2780 1720 2814 noro,
1755 2769 1827 2806 nisi
1862 2767 1957 2807 forte
1994 2769 2084 2808 illud
2116 2783 2185 2817 est,

1613 2820 1712 2869 quod
1764 2821 1947 2873 suspicor:
2011 2825 2187 2863 nimirum

1615 2871 1826 2911 Chremetis
1845 2874 1918 2912 filia
1931 2874 2104 2914 deformis
2116 2887 2187 2923 est,

1615 2934 1653 2962 et
1670 2936 1835 2963 monstro
1853 2927 2005 2965 similis:
2025 2941 2081 2975 ea,
2095 2943 2189 2979 quo-

1615 2979 1713 3015 niam
1732 2979 1777 3016 ab
1796 2980 1968 3018 omnibus
1987 2985 2190 3032 respuitur,
2239 3015 2241 3017 ,

1615 3034 1850 3082 quantumvis
1886 3034 2021 3084 saepius
2051 3034 2187 3081 oblata,

136 3089 183 3128 nd
199 3103 259 3128 me
277 3092 490 3133 recurritur.
543 3091 633 3142 My.
659 3088 790 3128 Oratio
804 3087 886 3127 haec
900 3101 960 3126 me
978 3090 1148 3127 miseram
1165 3089 1386 3128 exanimavit
1399 3098 1515 3129 metu.
1558 3088 1628 3126 Pa.
1647 3083 1746 3145 Nam
1763 3085 1854 3134 quid
1867 3099 1937 3136 ego
1956 3099 2053 3123 nunc
2069 3086 2187 3125 dicam

137 3142 182 3181 de
195 3144 325 3204 patre?
356 3141 438 3182 Ah!
469 3145 610 3182 tantine
624 3142 805 3182 momenti
823 3155 917 3189 rem,
931 3149 973 3187 ut
990 3152 1077 3180 sunt
1092 3143 1246 3194 nuptiae,
1260 3151 1336 3180 tam
1355 3143 1587 3195 negligenter
1604 3151 1803 3199 tra1381gere
1817 3139 1967 3188 potuit?
1991 3138 2006 3175 Ι
2012 3152 2078 3191 pse
2098 3153 2189 3191 piae·

137 3204 274 3236 teneus
293 3196 403 3235 modo
422 3196 460 3235 iu
479 3196 579 3236 foro:
610 3194 818 3248 Pamphile,
834 3195 972 3247 inquit,
990 3208 1082 3235 uxor
1101 3195 1169 3232 tibi
1188 3195 1354 3247 ducenda
1371 3206 1432 3234 est
1448 3195 1581 3234 hodie:
1610 3190 1656 3234 ad
1672 3191 1710 3228 ld
1727 3203 1813 3241 para
1825 3199 1883 3228 te:

949 3338 1393 3379 ANNOTA'HONES.

191 3456 216 3489 6
244 3452 421 3494 Miseram
442 3455 527 3491 me!
553 3455 648 3502 quod
668 3454 810 3491 verbum
831 3454 941 3492 audio
955 3453 993 3503 9]
1053 3453 1133 3491 Au·

139 3505 218 3543 dito
233 3506 355 3543 uxoris
374 3507 540 3551 nomine,
557 3515 762 3543 exterretur
779 3503 912 3556 Mysis.

194 3566 237 3596 11
270 3557 534 3607 Inverzustum]
606 3556 733 3595 Venus
766 3559 806 3595 'm
836 3559 994 3596 talorum
1028 3559 1134 3607 jactu

138 3609 387 3657 invocabatur,
428 3619 467 3648 et
508 3611 573 3660 qui
609 3608 796 3648 Venerem
839 3610 1052 3661 frequenter
1078 3612 1136 3658 ja-

139 3662 274 3709 ciebat,
310 3672 502 3708 venustus,
538 3662 576 3700 id
614 3659 684 3709 est,
723 3660 947 3710 fortunatus,
978 3661 1137 3701 habeba-

1189 3662 1465 3716 perhibebatur.

138 3721 222 3761 tur;
262 3715 391 3754 contra
423 3716 662 3763 invenustum
705 3714 743 3754 id
774 3726 843 3760 est,
878 3715 1136 3754 insortunatus.

1186 3453 1264 3492 Alii
1307 3463 1505 3491 venustum
1549 3466 1635 3490 eum
1679 3452 1822 3498 dicunt,
1862 3452 1967 3502 cujus
2006 3454 2186 3503 geniturae

1187 3507 1338 3544 domina
1373 3507 1421 3543 sit
1456 3505 1602 3550 Venus;
1648 3505 1805 3543 maxime
1835 3505 1866 3542 si
1896 3502 2009 3541 fuerit
2041 3507 2080 3541 in
2108 3505 2189 3542 Ge-

1188 3560 1315 3603 minis,
1342 3569 1405 3596 aut
1437 3561 1476 3596 in
1500 3571 1694 3609 prosperos
1711 3555 1816 3595 «lovis
1842 3557 1960 3594 radios
1988 3558 2185 3595 inciderit:

1188 3622 1225 3649 at
1255 3612 1290 3647 in
1325 3610 1468 3657 Leone,
1503 3610 1646 3658 Ariete,
1673 3621 1710 3648 et
1743 3609 1911 3662 Virgine,
1940 3610 2071 3648 infelix
2106 3622 2185 3646 esse
