2352 3952
759 174 1244 240 TERENTIANA.

146 340 192 380 et
218 348 288 380 res
310 331 371 378 sit
409 328 625 377 immensi
659 328 845 382 laboris,
880 344 970 376 nec
1005 329 1070 377 ita
1101 330 1302 377 multum
1341 325 1525 375 adferat
1561 325 1723 390 frugis.
1792 326 1889 374 At'

148 414 238 462 ego
264 398 325 444 ab
349 403 544 458 utroque
580 410 753 458 genere
775 394 1025 441 dissentio:
1062 411 1172 441 nam
1203 410 1257 441 ut
1288 392 1578 441 manifestius
1613 401 1684 439 est
1716 390 1861 455 quam

145 471 199 508 ut
233 469 372 525 egeat
400 461 700 524 probatione,
734 460 945 506 Terentii
982 459 1240 506 comoedias
1279 459 1486 506 versibus
1521 466 1735 505 constare
1746 472 1761 519 3
1797 457 1864 503 ita

146 527 224 590 qui
250 526 583 590 negligendam
611 516 838 588 putarunt
860 534 1117 572 metrorum
1142 525 1389 578 rationem,
1413 523 1682 585 frequenter
1705 526 1861 584 poetae

146 608 407 639 sermonem
436 601 759 654 corruperunt,
797 589 907 636 dum
949 590 1088 635 aliam
1131 605 1306 635 vocem
1339 605 1425 651 pro
1462 587 1555 636 alia
1593 588 1861 647 subjiciunt,

145 658 268 720 quod
294 656 488 703 nimium
508 672 633 718 saepe
652 671 736 701 usn
756 655 884 700 venit
901 654 1063 701 scribis
1087 653 1132 698 in
1158 653 1429 705 auctoribus
1446 655 1612 700 solutae
1630 653 1866 708 dictionis,

146 722 257 769 dum
285 722 462 768 addunt
497 732 635 784 atque
667 720 891 774 adimunt,
928 719 1039 768 dum
1072 719 1326 764 verborum
1366 719 1604 765 invertunt
1633 717 1863 765 ordinem.

147 786 378 835 Nonnihil
401 787 543 833 etiam
571 785 647 833 hic
671 779 928 848 peccarunt
950 783 1136 839 eruditi,
1161 784 1375 847 quidum
1402 778 1663 830 carminum
1690 798 1868 846 genera

142 851 408 916 distingunt
425 867 480 898 ac
492 852 808 904 dimetiuntur,
825 848 991 912 parum
1011 849 1193 903 attenti,
1217 849 1550 910 interjecerunt
1562 848 1711 895 verba
1729 863 1864 911 qute-

146 917 275 972 dam,
299 928 350 964 ut
375 917 620 981 explerent
641 914 802 961 versus
835 914 1031 967 hiatum,
1057 923 1138 960 aut
1158 923 1461 960 resecuerunt
1472 913 1599 977 quod
1619 912 1868 960 videbatur

147 999 402 1046 superesse.
469 982 667 1029 Videtur
683 990 841 1027 autem
867 978 1021 1025 studio
1054 977 1232 1026 factum
1257 978 1285 1026 a
1309 979 1550 1034 Terenti0,
1573 987 1626 1025 ut
1647 979 1864 1026 dissimu-

148 1048 244 1095 lato
278 1047 487 1094 carmine
525 1046 667 1110 quam
714 1043 930 1108 proxime
962 1043 1209 1091 accederet
1245 1044 1303 1091 ad
1339 1045 1601 1092 orationem
1639 1046 1866 1091 solutam:

148 1113 271 1176 quod
297 1114 423 1160 idem
448 1109 693 1159 affectasse
718 1110 903 1157 videtur
930 1109 1152 1157 Horatius
1174 1111 1221 1156 in
1245 1110 1539 1157 sermonibus
1561 1119 1610 1157 et
1642 1109 1867 1172 epistolis».

150 1178 277 1226 Hinc
311 1188 438 1225 tanta
477 1178 524 1223 in
555 1175 844 1222 dimetienda
866 1175 1132 1230 difficultas,
1155 1184 1208 1222 ut
1229 1175 1494 1222 existimem
1519 1175 1673 1238 ipsum
1705 1175 1864 1222 Dona-

151 1253 268 1297 tum,
287 1254 367 1290 aut
383 1243 657 1296 Cornutum,
686 1250 766 1287 aut
790 1243 1039 1304 Asperum,
1065 1241 1102 1286 si
1125 1241 1352 1295 viverent,
1379 1241 1428 1287 in
1453 1241 1568 1287 locis
1591 1240 1771 1303 aliquot
1794 1241 1865 1286 vel

149 1309 373 1363 hoesuros,
395 1309 472 1354 vel
495 1309 617 1354 inter
634 1323 683 1353 se
707 1306 1012 1354 dissensuros.
1039 1336 1052 1341 ·-
1077 1305 1280 1353 Proinde
1298 1322 1384 1352 nos
1407 1305 1765 1370 quatriduanam
1783 1322 1869 1369 op·

147 1373 321 1438 pellam
359 1375 654 1436 sumpsimus,
694 1382 747 1418 ut
788 1371 1148 1419 adolescentulis
1181 1372 1386 1435 aliquam
1422 1373 1560 1435 hujus
1580 1371 1871 1418 difficultatis

145 1447 331 1502 partem
355 1439 683 1492 adimeremus,
708 1453 801 1484 non
825 1438 1015 1501 quidem
1049 1437 1099 1485 in
1118 1453 1286 1485 omnes
1316 1436 1515 1492 fabulas,
1540 1436 1619 1484 sed
1655 1438 1703 1484 in
1726 1452 1872 1484 unam

147 1502 395 1568 perpetuo,
422 1513 468 1550 et
494 1506 540 1550 in
563 1503 745 1550 caeteris
766 1503 964 1566 carptim
985 1522 995 1549 :
1033 1519 1127 1565 quo
1148 1519 1235 1549 ceu
1270 1503 1349 1549 filo
1380 1502 1543 1564 adjuti,
1560 1518 1659 1550 sese
1685 1502 1871 1549 facilius

149 1568 176 1616 ὲ
199 1572 384 1617 caeteris
417 1570 660 1631 explicent
700 1568 999 1631 labyrinthis.
1067 1567 1296 1615 Constant
1334 1577 1490 1615 autem
1525 1568 1663 1630 hujus
1695 1567 1871 1616 fabulae

150 1634 227 1681 his
248 1633 398 1681 ferme
418 1648 674 1680 metrorum
699 1634 961 1697 generibus.

216 1699 432 1747 Iamhico
457 1700 681 1752 trimetro,
707 1699 784 1761 qui
804 1707 851 1744 et
867 1699 1036 1746 senarii
1060 1698 1282 1747 dicuntur
1304 1699 1334 1746 εὶ
1356 1715 1554 1747 numero
1576 1698 1767 1762 pedum.

217 1765 432 1812 Iambico
455 1772 743 1818 tetrametro,
778 1764 857 1826 qui
881 1764 942 1810 ab
966 1764 1068 1812 aliis
1090 1764 1320 1828 quadrati,
1345 1764 1405 1810 ab
1430 1764 1533 1811 aliis
1549 1765 1777 1813 octonarii
1798 1763 1873 1812 di-

152 1829 335 1877 cuntur'.
386 1829 741 1876 Monometrum
763 1844 818 1875 ac
838 1827 1088 1876 dimetrum
1116 1828 1222 1877 raro
1245 1829 1535 1891 interjicitur.
1591 1829 1647 1877 In
1670 1829 1873 1896 hoc-ge-

148 1894 448 1958 nere'quovis
470 1894 574 1941 loco
606 1910 693 1958 pro
716 1894 876 1941 iambo
900 1896 1034 1958 ponit
1058 1895 1357 1960 tribrachyn,
1381 1895 1677 1958 spondaeum,
1701 1895 1880 1961 dacty·

149 1960 266 2014 lum,
290 1969 601 2022 anapaestum,
625 1958 768 2006 modo
793 1961 932 2007 totius
950 1961 1172 2008 carminis
1194 1961 1457 2026 penultima
1479 1961 1667 2025 syllaba
1689 1963 1749 2010 sit
1766 1966 1873 2011 bre—

151 2024 233 2073 vis.
300 2024 538 2088 Siquidem
564 2025 613 2072 in
639 2024 730 2072 hoc
756 2042 889 2073 versu
911 2046 922 2074 :
989 2086 993 2091 r
1161 2034 1163 2037 ’
1395 2036 1401 2062 ῑ

345 2091 528 2138 Nullum
549 2092 720 2153 estjam
743 2089 926 2148 dictum,
953 2092 1075 2156 quod
1093 2109 1182 2140 non
1205 2092 1374 2140 dictum
1395 2095 1455 2140 sit
1465 2093 1602 2157 pm'zls
1616 2114 1630 2141 .-

154 2171 318 2203 omnes
339 2155 552 2218 spondaei
587 2165 710 2212 sunt,
744 2167 950 2222 excepto
987 2158 1168 2214 ultimo,
1193 2160 1322 2221 cujus
1347 2159 1531 2223 generis
1565 2170 1613 2208 et
1651 2160 1766 2208 alios
1789 2160 1876 2210 ali-

155 2230 270 2285 quot
291 2222 508 2285 reperias
1774 2223 1777 2225 ’

218 2287 432 2334 Eandem
456 2288 721 2335 libertatem
743 2290 886 2338 sumit
904 2290 952 2337 in
977 2290 1243 2347 trochaiciS,
1268 2290 1550 2337 tetrametris
1570 2291 1874 2348 catalecticis,

155 2351 266 2397 satis
290 2352 466 2400 habens
482 2355 520 2400 si
544 2355 683 2401 totius
704 2356 922 2402 carminis
952 2357 1214 2419 penultima
1247 2357 1306 2403 sit
1330 2357 1500 2403 brevis.
1568 2356 1690 2403 Illud
1716 2368 1878 2405 tamen

154 2416 333 2479 ubique
359 2430 563 2475 cavetur,
589 2435 647 2466 ne
681 2421 755 2467 vel
797 2423 1034 2468 troch-aeus
1059 2421 1348 2486 ingrediatur
1376 2421 1631 2470 iambicum
1668 2438 1877 2479 carmen,

155 2482 229 2528 vel
257 2482 484 2529 iambicus
507 2485 815 2533 trochaicum.
1122 2515 1139 2545 ς

222 2547 487 2595 iambicum
513 2552 1091 2599 tetrametrum-interdum
1114 2553 1160 2599 in
1181 2552 1271 2600 line
1293 2550 1538 2599 fraudatur
1555 2551 1651 2600 una
1669 2552 1874 2617 syllaba,

155 2611 388 2676 producta
412 2614 688 2678 penultima,
717 2617 894 2679 quoties
919 2618 1123 2665 iambico
1145 2618 1346 2665 dimetro
1369 2619 1675 2665 acatalectico
1698 2620 1878 2667 accini-

153 2688 231 2725 tur
248 2677 447 2725 dimeter
469 2680 785 2729 catalecticus.
850 2682 1006 2730 Veluti
1033 2683 1087 2738 si,
1109 2683 1216 2729 Jam
1239 2685 1349 2730 lucis
1371 2694 1467 2729 orto
1487 2685 1649 2739 sidere,
1674 2685 1880 2740 accinas,

157 2745 311 2791 Cultor
334 2744 409 2789 dez·
426 2757 645 2794 memento,

211 2809 502 2872 ‚Quanquam
525 2812 572 2858 in
598 2811 689 2860 hoc
707 2827 894 2876 quoque
914 2829 1086 2875 genere
1108 2822 1372 2876 usurpatur,
1394 2814 1505 2861 curn
1522 2814 1800 2869 communis,
1820 2814 1881 2862 de

155 2871 254 2938 qua
271 2874 452 2921 dictum
473 2889 558 2931 est,
583 2879 871 2925 comicorum
897 2879 1104 2933 libertas,
1129 2891 1226 2926 turn
1250 2879 1331 2925 illa
1357 2880 1619 2942 peculiaris,
1642 2879 1768 2943 quod
1794 2896 1881 2943 pro

158 2939 423 3001 penultima
449 2941 590 3005 longa
613 2945 744 3005 ponit
775 2944 1008 2991 interdum
1033 2945 1148 2990 duas
1175 2946 1356 2992 breves.
1423 2945 1710 3010 Exemplum
1736 2946 1881 2993 est‘in

161 3003 295 3052 actus
318 3007 466 3064 quarti
492 3007 634 3055 scena
655 3008 890 3056 secunda:

287 3070 393 3116 Jam
418 3071 495 3117 ubi
515 3076 592 3120 ubi
608 3077 706 3129 erit,
734 3077 954 3122 inventum
976 3074 1060 3121 tibi
1083 3075 1262 3130 curabo,
1285 3086 1326 3122 et
1347 3092 1511 3123 mecum
1528 3073 1783 3123 adductum.

227 3133 323 3181 Hic
343 3137 600 3197 penultima
624 3140 850 3202 producta
873 3150 956 3187 est.
1154 3141 1369 3188 Ibidem:

298 3201 438 3248 Orare
444 3204 600 3264 jussit,
624 3207 664 3251 si
685 3222 728 3251 se
748 3222 877 3260 ames,
897 3206 1018 3259 Iaera,
1027 3207 1135 3267 jam
1157 3217 1204 3252 ut
1223 3207 1286 3252 ad
1307 3222 1398 3252 sese
1417 3207 1583 3253 venia&
1667 3205 1814 3253 Item:

294 3267 427 3314 Hanc
443 3271 645 3330 expetivi,
670 3273 870 3334 contigit,
891 3273 1147 3318 conv-nium
1167 3288 1318 3326 mores,
1343 3273 1538 3318 valeant.

215 3329 286 3403 ’In
313 3331 382 3376 his
403 3347 490 3394 pro
513 3334 776 3396 penultima
802 3336 944 3401 longa
967 3345 1205 3399 ponuntur
1226 3337 1332 3384 duae
1357 3338 1535 3384 breves·
1603 3334 1705 3381 Hos
1726 3349 1883 3382 versus

165 3401 309 3441 etiam
332 3410 574 3444 scazontes
595 3401 852 3463 appellant.
1154 3429 1157 3436 ·

231 3459 578 3509 Est'seazontis
601 3480 751 3528 genus
769 3466 1070 3522 diminutum,
1105 3466 1227 3531 quod
1250 3467 1451 3514 dimetro
1483 3464 1691 3512 iambico
1712 3464 1887 3512 accinit

167 3522 283 3571 duos
306 3527 567 3573 troohaeos:
606 3531 729 3577 velut
752 3532 801 3578 in
826 3531 962 3578 actus
985 3533 1106 3579 tertii
1131 3533 1273 3579 scena
1296 3528 1504 3578 secunda
1523 3545 1535 3576 :

231 3590 407 3644 Adhuc,
419 3592 660 3650 ›me-hillis,
680 3611 772 3659 quoe
787 3598 990 3644 adsolent
1006 3618 1019 3643 :
1047 3597 1141 3645 Hic
1162 3595 1362 3643 dimeter
1379 3605 1478 3643 est:
1503 3611 1684 3659 quaeque
1703 3605 1888 3658 oportet,

168 3652 276 3703 Duo
298 3666 406 3705 sunt
433 3658 646 3709 trochaei.
714 3660 893 3710 Contra
916 3661 965 3712 in
987 3662 1092 3711 aliis
1113 3660 1300 3711 additur
1322 3677 1407 3726 pes
1429 3661 1643 3726 legitimo
1675 3676 1886 3709 numero.

2063 182 2195 240 ,xxxi
