2340 3964
764 136 1253 192 TERENTIANA.

152 285 226 338 δεῖ
239 289 298 336 τ’ἑὶ
313 285 434 354 suffla
459 304 514 335 συ
559 285 740 342 ξαίνειν,
768 286 846 336 καὶ
866 286 930 363 μὴ
965 285 1114 356 ὥσπερ
1139 287 1187 334 ἐν
1209 283 1269 354 ’ἑῇ
1291 284 1491 353 Μηδείᾳ,
1516 283 1609 335 olm*
1630 280 1881 352 μηχανῆςῖ.

153 353 232 402 καὶ
249 355 294 403 ἐν
311 350 503 418 αῆἹλιά
531 371 543 400 ι
560 351 623 400 τοὶ
639 352 736 419 περὶ
750 350 824 401 τὸν
844 353 1065 401 απόπλεν·
1103 353 1148 400 id
1167 364 1251 407 est,
1273 355 1560 410 [Wanzfestum
1577 369 1683 415 ergo
1694 365 1770 408 est,
1781 357 1869 399 eti-

153 417 588 476 ame'titumffibulae
607 420 630 464 ἐ
639 420 809 477 fabulet
827 421 921 482 ipset
931 422 1030 481 peti
1049 418 1218 477 debe‘re,
1236 435 1322 465 non
1339 419 1369 464 α’
1388 419 1611 470 ηιαεΙιὶηά,
1630 431 1675 464 ut
1693 421 1740 465 z'n
1760 418 1869 464 Mc-

153 484 266 532 ded.-
299 495 378 531 aut
399 485 760 548 quemadmodum
794 488 839 532 in
865 486 1028 540 Iliade,
1062 488 1111 531 in
1133 486 1200 531 iis·
1215 500 1307 548 quae
1327 488 1452 530 circa
1473 485 1664 531 reditum
1691 484 1870 532 Groeco-

150 565 251 598 rum
256 552 388 610 fiunt.
427 549 663 605 Medeam,
688 561 858 605 autem,
883 567 979 597 non
996 548 1317 612 Euripideam‚
1341 548 1417 594 sed
1442 548 1632 595 alterius
1649 550 1872 612 intelligit

149 618 324 677 poetae.
358 615 496 678 Idem
509 623 556 662 et
573 617 810 674 Horatius,
832 616 857 663 ὲ
879 616 1080 662 Pariano
1098 615 1238 665 credo
1259 614 1587 676 Neoptolemo,
1609 614 1634 660 ὲ
1654 631 1747 677 quo
1767 615 1880 680 ple·⁴
1903 629 1909 630 ’

149 687 295 744 taque
316 692 558 742 praecepta
580 698 663 727 sua
686 683 732 729 in
760 684 847 729 hoc
870 682 1044 745 scripto
1066 681 1235 734 hausit,
1258 679 1541 742 fugiendum
1562 690 1748 749 monet:

279 746 510 859 IIVeciddezts
532 749 721 803 intersit,
734 746 1017 811 ¹m'sidignus
1036 745 1212 792 vindice
1233 745 1375 791 nodus

307 827 363 858 nc
418 823 650 859 erzt.—--.-
901 826 905 831 ·
934 849 938 852 .

213 876 309 930 Ubi
331 879 472 924 nodus
494 893 564 925 est
583 876 609 931 ἦ
635 876 767 933 Sko-15,
794 894 898 942 quae.
921 876 1159 924 interdum
1182 894 1272 940 ope
1294 874 1502 922 humana
1523 876 1640 923 solvi
1665 891 1759 923 non
1782 893 1882 940 pos

79 972 82 974 -
148 948 253 989 test.
287 942 379 991 Qui
404 944 610 1006 quidem,
633 944 721 991 nisi
741 952 914 1007 praeter
937 946 1087 1006 poe'tae
1108 943 1394 996 voluntatem
1420 950 1501 988 aut
1523 958 1584 989 ex
1606 944 1884 1006 argumenti

150 1009 338 1055 eveniat
360 1012 652 1063 necessitate,
679 1025 771 1055 non
806 1008 836 1054 a
857 1007 963 1063 de0,
987 1008 1110 1072 quod
1135 1007 1337 1070 cujusvis
1362 1008 1508 1054 etiam
1534 1008 1873 1070 imperitissimi

151 1082 224 1119 est
250 1074 468 1131 hominis,
494 1075 657 1123 verum
679 1073 708 1121 :i
730 1074 870 1137 poeta
887 1075 1002 1120 solvi
1028 1074 1188 1121 debet.
1235 1074 1428 1127 RursuS,
1452 1074 1573 1142 sicut
1597 1075 1749 1136 pictor
1772 1074 1871 1136 pri-

151 1137 231 1186 mo
257 1140 487 1188 ambitum
511 1140 730 1193 delineat,
753 1139 922 1187 deinde
946 1140 1142 1205 singula
1163 1139 1380 1193 absolvit,
1413 1140 1480 1186 ita
1513 1139 1697 1203 sapiens
1732 1142 1877 1202 poeta

151 1205 384 1252 actionem
419 1222 552 1253 suam
577 1205 939 1254 circumscribit.
1007 1205 1233 1259 Primum,
1259 1206 1320 1252 ut'
1343 1204 1404 1251 sit
1431 1213 1560 1252 tota:
1599 1205 1688 1251 hoc
1712 1214 1796 1259 est,
1820 1213 1883 1257 utv

150 1269 451 1333 principium,
475 1281 528 1317 ut
551 1271 692 1318 finem
721 1272 908 1327 babeat,
934 1279 981 1318 et
1003 1270 1235 1318 medium:
1263 1270 1437 1335 quaein
1459 1270 1668 1318 minimis
1686 1286 1874 1334 quoque

151 1350 251 1383 esse
274 1344 481 1397 possunt.
516 1335 720 1384 Minima
740 1347 895 1384 autem
916 1353 1104 1384 sensum
1126 1337 1208 1384 vix
1228 1336 1508 1384 admittunt:
1533 1352 1711 1400 magna
1728 1335 1871 1383 nimi-

152 1399 234 1447 um
246 1399 537 1466 dispergunt.
570 1403 646 1450 Sic
663 1403 911 1450 formicam
931 1404 1010 1450 vix
1030 1402 1266 1451 videmus:
1297 1403 1343 1448 in
1359 1412 1616 1466 conspectu
1631 1402 1875 1466 elephanti

149 1467 275 1513 visus
298 1468 378 1515 vix
413 1468 664 1532 colligitur.
729 1470 902 1523 Quare,
937 1470 1188 1516 comoediae
1221 1467 1562 1532 tragoediaeque
1594 1467 1883 1530 magnitudo,

0 1584 4 1611 ἱ
32 1535 36 1540 ’
93 1586 98 1591 v
150 1541 200 1578 et
223 1533 456 1594 periodus,
482 1543 534 1580 ut
559 1551 668 1581 cum
691 1535 974 1596 philosopho
1000 1534 1090 1580 hoc
1114 1535 1284 1588 dicam,
1317 1532 1342 1580 ὲ
1369 1532 1540 1580 natura
1563 1533 1801 1596 utriusque
1824 1541 1875 1579 et

148 1597 329 1644 ratione
353 1599 450 1661 peti
472 1600 663 1647 debent.
693 1623 696 1630 ι
715 1601 775 1647 Et
794 1600 1050 1646 mutatione
1066 1598 1236 1662 prima,
1259 1600 1348 1645 hoe
1366 1606 1452 1653 est,
1466 1615 1573 1646 cum
1594 1597 1874 1646 infelicitate

150 1662 208 1711 ad
236 1662 510 1711 felicitatem
538 1665 583 1711 in
606 1665 861 1718 comoedia,
885 1664 1047 1711 contra
1065 1675 1221 1712 autem
1248 1665 1292 1711 in
1316 1663 1575 1727 tragoedia,
1587 1664 1759 1711 mutari
1784 1680 1873 1728 po·

151 1736 240 1774 test
263 1731 418 1778 actio:
458 1731 523 1777 ita
547 1739 597 1778 ut
618 1747 680 1778 ex
704 1730 1139 1796 argumentonihil,
1163 1731 1286 1792 quod
1311 1729 1369 1776 ad
1394 1745 1493 1776 rem
1522 1738 1717 1793 spectet,
1746 1746 1873 1793 prae-

148 1793 345 1840 termitti
368 1796 428 1841 sit
451 1811 652 1843 necesse.
721 1797 938 1843 Summus
962 1795 1198 1842 Aristoteli
1231 1795 1440 1842 ambitus
1472 1795 1606 1841 unius
1628 1796 1747 1842 Solis
1769 1808 1867 1843 est:

149 1868 304 1919 potest
327 1877 426 1908 esse
450 1861 626 1923 aliquot
650 1862 882 1909 horarum.
930 1859 1038 1911 Qua
1063 1862 1110 1908 in
1133 1869 1264 1923 parte
1290 1859 1591 1907 admirandus
1615 1860 1873 1925 Sophocles

146 1923 500 1989 Terentiusque.
535 1927 728 1979 Plautus
746 1926 855 1975 vero
879 1943 1051 1974 novem
1074 1943 1258 1974 menses
1278 1942 1374 1972 uno
1392 1926 1606 1989 dramate
1629 1928 1876 1989 complex-

147 2005 201 2036 us
225 1999 324 2038 estz
353 2002 403 2038 ut
424 1992 504 2044 vix
525 1994 677 2054 major
699 1994 989 2056 ampliorque
1016 1993 1284 2040 Homericae
1306 1991 1479 2038 Iliados
1502 1991 1644 2055 quam
1670 1993 1874 2056 Amphi-

146 2058 332 2119 tryonis
354 2058 414 2104 sit
438 2059 670 2120 periodus.
726 2060 995 2106 Alcumena
1018 2067 1175 2106 autem
1198 2058 1410 2120 concipit
1428 2067 1476 2104 et
1495 2059 1646 2120 parit:
1684 2059 1806 2121 quod
1833 2060 1872 2106 si

150 2120 284 2170 fieret
308 2122 498 2186 ubique,
528 2125 660 2171 nullo
682 2125 892 2188 episodio
908 2125 1011 2185 jam
1034 2141 1150 2186 opus
1173 2132 1324 2170 esset:
1362 2123 1567 2186 Ideoque
1590 2139 1681 2171 nec
1702 2141 1775 2171 ars
1798 2141 1872 2172 es-

149 2195 234 2239 set,
253 2187 457 2236 scribere
478 2190 776 2242 comoediam.
843 2192 1165 2253 Praeterquam
1189 2188 1315 2254 quod
1338 2189 1398 2236 sit
1419 2190 1614 2236 monstri
1640 2190 1798 2245 instar,
1822 2200 1872 2238 et

150 2268 260 2299 cum
281 2252 459 2301 ratione
483 2272 539 2303 ac
563 2255 730 2302 natura
757 2266 949 2320 pugnet,
973 2265 1027 2303 ut
1050 2272 1157 2318 quae
1176 2255 1313 2302 simul
1339 2265 1385 2301 et
1408 2255 1648 2317 concipiat
1669 2264 1718 2302 et
1742 2257 1870 2319 pari-

151 2326 216 2365 at.
285 2318 457 2366 Qualia
488 2323 715 2369 nonnulla
739 2323 786 2368 in
818 2322 1045 2385 scriptore
1070 2323 1159 2369 hoc
1184 2337 1394 2368 summus
1415 2321 1683 2367 criticorum
1710 2322 1871 2369 Caesar

151 2382 361 2446 Scaliger
381 2387 575 2435 notavit.
643 2389 802 2451 Atque
834 2389 939 2435 haec
972 2388 1236 2435 vitaverant
1268 2390 1423 2449 poetae
1458 2387 1635 2441 Graeci,
1669 2401 1872 2450 quorum

147 2449 326 2512 'scripta
349 2448 431 2498 hic
453 2448 698 2516 tantopere
720 2452 1025 2501 commendat
1047 2453 1270 2501 Flaccus:
1309 2451 1538 2498 Technici
1574 2453 1870 2506 Graecorum,

150 2515 388 2576 quomodo
409 2517 601 2565 vitanda
622 2529 774 2567 essent
795 2536 850 2566 ac
875 2517 1100 2573 cavenda,
1124 2535 1248 2582 saepe
1271 2516 1569 2564 inculcarunt
1586 2519 1693 2581 suis.
1730 2518 1873 2565 Plau-

150 2587 226 2626 tus
245 2596 413 2644 susque
446 2581 597 2646 deque
622 2585 811 2633 habuit:
852 2593 904 2631 ut
933 2586 982 2631 in
1005 2584 1231 2661 Captivis.
1293 2583 1452 2647 'Quam
1473 2584 1706 2644 incuriam
1728 2588 1898 2646 poeta.

150 2644 261 2692 cum
286 2645 478 2703 videret,
505 2650 744 2697 continere
768 2666 817 2697 se
840 2665 937 2697 non
959 2658 1127 2713 pptuit,
1149 2650 1264 2713 quin
1288 2649 1606 2696 exclamaret:

307 2763 313 2767 ,
430 2730 509 2760 vos
525 2717 800 2778 exemplaria
822 2716 980 2763 Graeca

278 2777 517 2826 Nocturnd
539 2791 710 2835 versate
730 2780 876 2838 manu,
899 2790 1068 2828 versate
1088 2778 1254 2828 diurnci
1268 2799 1283 2825 .-

212 2841 752 2908 Co‘ntravnegligentiam
786 2862 989 2902 suorum,
1019 2856 1067 2893 et
1099 2846 1329 2893 incuriam
1363 2844 1635 2909 gravissime
1670 2852 1870 2893 taxaret.

149 2905 324 2960 Quidni
348 2911 510 2957 enim?
545 2913 624 2974 qui
650 2913 740 2959 hoc
773 2922 874 2959 tum
909 2913 1098 2974 agebat,
1124 2910 1248 2975 quod
1281 2922 1389 2958 ante
1422 2911 1868 2972 eumnAristoteles3

148 2972 229 3034 qui
253 2975 427 3040 ubique
450 2977 724 3041 Euripidem
746 2986 795 3025 et
813 2978 929 3025 alios
952 2979 1001 3024 in
1024 2978 1131 3036 istis⁴
1144 2975 1448 3039 reprehendit
1461 2994 1476 3036 3
1503 2993 1616 3024 nam
1638 2975 1697 3024 de
1720 2977 1872 3023 comi-

148 3037 219 3084 cis
239 3055 348 3101 quae
371 3041 572 3104 scripsit,
594 3042 730 3090 hodie
750 3061 845 3090 non
866 3046 1046 3090 extant.
1079 3041 1226 3090 Porro
1242 3042 1379 3101 simul
1399 3057 1454 3090 ac
1477 3045 1616 3105 poeta
1635 3042 1876 3094 actionem,

151 3102 310 3159 habet,
333 3106 489 3163 locum
514 3124 699 3172 quoque
723 3121 776 3156 ut
797 3110 972 3157 actioni
994 3108 1091 3170 det,
1116 3124 1311 3155 necesse
1330 3116 1415 3154 est.
1483 3109 1607 3157 Quia
1629 3109 1728 3155 sine
1747 3106 1869 3163 loco,

150 3165 251 3213 fieri
271 3171 336 3216 nil
359 3181 529 3232 potest.
598 3175 692 3230 Hic
715 3185 870 3222 autem
897 3176 1041 3228 locus,
1067 3171 1204 3235 σκηνὴ
1225 3171 1457 3239 δράματος
1477 3173 1506 3220 a
1528 3173 1707 3221 criticis
1728 3187 1874 3219 voca-

151 3239 258 3278 tur:
297 3238 428 3297 cujus
451 3239 591 3285 finem
613 3240 845 3287 transilire
879 3239 1026 3288 nefaS.
1093 3239 1249 3286 Nemo
1283 3239 1410 3286 enim
1447 3251 1660 3302 tempore
1682 3237 1868 3301 eodem,

150 3297 275 3359 quod
301 3299 329 3346 ὀ,
354 3300 518 3349 Plauto
541 3303 667 3351 recte
693 3305 880 3360 dicitur,
905 3306 1016 3352 alibi
1041 3314 1189 3367 atque
1204 3304 1315 3350 alibi
1352 3306 1523 3351 versari
1558 3311 1745 3367 potest:
1782 3302 1870 3348 nisi

152 3361 326 3424 aliquid
352 3378 661 3416 monstrosum
683 3369 767 3418 fiat
788 3374 832 3417 in
857 3369 1109 3418 comoedia.
1165 3368 1298 3416 Idem
1324 3378 1498 3423 tamen,
1523 3368 1635 3416 cum
1654 3366 1870 3415 Curculi-

150 3429 254 3473 onis
277 3445 468 3477 scenam
493 3433 716 3496 Epidauri
742 3437 987 3498 posuisset,
1014 3436 1213 3483 Romam
1241 3437 1425 3482 transiit
1459 3433 1715 3486 in'cadem,
1741 3443 1788 3478 et
1822 3433 1873 3478 in

150 3490 474 3543 Romanorum
500 3513 847 3556 moreS‚‚scenae
871 3518 969 3548 suae
998 3500 1098 3562 jam
1123 3501 1314 3554 oblitus,
1343 3499 1490 3547 libere
1517 3498 1785 3562 invehitur:
1823 3507 1871 3542 et

149 3560 358 3619 quidem,
384 3571 435 3607 ut
459 3564 638 3626 antiqui
662 3567 847 3626 comici,
873 3568 1100 3613 tributim.
1167 3565 1238 3612 Ita
1262 3575 1312 3611 ut
1333 3577 1381 3612 et
1414 3565 1601 3626 singula
1633 3561 1871 3638 describat

147 3620 266 3672 loca.
304 3627 413 3675 Act.
435 3627 513 3676 IV.
535 3630 670 3679 Scen.
690 3631 901 3695 AEclepol.
938 3633 1046 3679 Jam
1067 3628 1128 3679 τοὶ
1143 3628 1306 3695 ἄλογα
1323 3630 1372 3676 in
1393 3629 1565 3679 fabulis
1587 3628 1731 3692 quam
1746 3625 1871 3692 grul·

1325 3711 1339 3741 1

2058 148 2213 204 cxxiii
