2314 3944
152 176 223 241 ’27
227 181 260 228 6

156 316 260 359 Nam
292 319 378 358 chin
410 318 485 357 filia
502 317 623 355 vitiata
645 313 733 361 fuit,

90 398 96 410 ς
156 371 273 413 facies
285 371 364 422 ejus
382 373 446 422 qui
459 384 538 408 eam
550 379 735 419 compres-

156 425 209 473 pit
233 425 406 476 cognosci
420 433 532 462 noctu
565 433 639 459 non
668 432 735 472 po-

152 478 255 516 tuit:
298 489 418 528 neque
446 477 482 513 ei
514 473 736 512 Philumena

154 530 358 582 quidquam
389 528 560 573 detraxit,
588 540 633 564 ex
659 538 736 576 quo

156 583 276 635 possit
293 581 485 632 comperiri
498 581 584 631 quis
595 578 656 618 ille
669 581 734 625 sit,

157 635 222 675 sed
233 637 311 687 ipse
328 633 518 671 discedens
545 633 683 684 eripuit
697 633 734 670 vi

157 687 338 727 annulum
352 687 388 724 ei
401 686 530 739 virgini
545 699 591 723 ex
605 685 735 736 digito.

156 739 283 782 Etiam
303 740 417 778 timeo
445 752 492 777 ne
517 736 735 790 Pamphilus

153 805 235 832 ,non
263 793 380 844 possit
410 805 467 838 ea,
500 805 585 841 q-uae
619 791 735 828 oravi-

151 858 257 890 mus,
296 846 436 883 diutius
470 844 618 882 silentio
653 843 736 881 abs-

158 899 332 945 condere,
350 900 438 937 cum
468 897 614 935 noverit
647 896 738 935 alie-

157 964 250 990 num
261 964 416 1004 puerum
433 950 577 988 educari
590 950 739 988 locosui

155 1004 241 1052 filii,
255 1004 354 1057 quod
361 1003 516 1043 moleste
528 1002 633 1042 feret.

783 173 850 226 P.'
878 167 1231 224 TERENTII
1251 147 1575 229 >naevum

786 315 926 367 Nam
953 314 1071 366 cum
1099 313 1479 384 compressa'est
1501 323 1667 384 gnata,
1694 313 1862 370 'sonna
1895 315 1951 367 in
1986 304 2206 371 tenebrss

924 386 1069 454 nosci
1094 404 1195 438 non
1218 385 1358 455 quita
1374 395 1477 439 est:
1604 413 1606 416 >
1974 413 1998 431 l
2101 412 2106 431 2

786 457 970 527 Neque
1004 456 1283 509 detractum
1320 457 1368 508 ei
1403 467 1514 510 tum
1551 456 1823 528 quidquam
1858 467 1949 523 est,
1974 460 2062 529 qui
2092 458 2206 530 post

929 528 1083 597 possit
1102 528 1259 591 nosci,
1284 529 1372 597 qui
1395 526 1504 581 Sie't.
2155 528 2158 531 ’

787 600 902 670 Ipse
927 600 1112 670 eripuit
1143 599 1210 662 vi,
1235 599 1288 650 in
1314 599 1473 669 digito
1508 616 1658 670 quem

929 668 1036 722 iens
1054 673 1316 723 annulum.
1332 715 1335 718 Α
1484 671 1510 679 “’

1683 598 1875 665 habuit,
1897 600 2079 670 virgini
2115 601 2206 651 ab·

790 741 969 794 Simul
993 760 1180 807 vereor,
1211 741 1506 812 Pamphilus
1536 759 1602 794 ne
1625 747 1773 794 orata
1800 732 2208 821 nostra-&nequeat

1712 850 1713 853 ,
1944 830 1979 858 ’-ῑ
2008 835 2038 860 z<
2077 854 2081 859 .

791 813 1128 950 Celariiudiiffi
1152 884 1278 936 sciet
1297 873 1525 938 alienum
1545 901 1770 955 puerum·
1782 884 1897 937 toni
1909 817 2208 956 'praeunte-o

1854 974 1907 1001 ³:
1923 955 2062 1003 rrnsh

504 1119 964 1221 >Aeros
1015 1126 1144 1195 IV.
1242 1071 1648 1197 seENA
1696 1127 1797 1196 11.
1893 1166 1948 1195 ,-

324 1332 350 1335 ἢ-
736 1289 1121 1347 sosTRATA.
1195 1267 1637 1357 PAMPHILUS.

152 1411 162 1465 J
204 1417 278 1457 So.
298 1415 390 1455 Non
407 1429 467 1455 me
486 1416 589 1463 latet,
602 1415 652 1454 fili
670 1417 737 1464 mi,

153 1484 221 1523 ,me
240 1471 310 1509 tibi
330 1471 370 1508 in
397 1471 644 1522 suspicionem
677 1483 739 1507 ve-

153 1526 278 1575 misse,
306 1535 453 1561 uxorem
480 1532 583 1560 tuam
607 1521 738 1561 Philu-

157 1590 309 1627 menam
338 1574 430 1614 hinc
461 1575 667 1614 discessisse
698 1577 737 1614 in

160 1626 314 1678 domum
339 1629 466 1681 patris,
490 1637 641 1681 propter
659 1642 739 1667 mo·

134 1681 220 1730 [res
256 1694 358 1720 meos
387 1681 540 1720 forsitan
568 1682 739 1732 injucun-

155 1732 248 1780 'dos;
269 1733 403 1774 etsiea
418 1735 615 1787 diligenter
632 1735 740 1773 celas.

159 1786 303 1840 Verum
323 1789 375 1825 ita
403 1787 496 1826 mihi
515 1787 565 1825 dii
584 1786 740 1835 faveant,

153 1840 287 1894 ⁴itaque
306 1840 329 1879 a
358 1849 396 1879 te
425 1839 518 1879 mihi
541 1841 742 1879 obveniant

162 1907 221 1940 ea,
253 1907 339 1945 quae
381 1903 530 1946 exopto,
570 1902 615 1931 ut
645 1907 741 1931 nun-

160 1959 297 1998 quam·
325 1945 453 1984 volens
507 1947 741 1997 prudensque
786 1951 789 1962 “

162 1999 311 2050 culpam
363 1999 547 2047 commisi,
591 2009 742 2051 propter

161 2066 274 2104 qnam
309 2065 402 2090 uxor
434 2060 501 2090 tua
532 2052 742 2104 conciperet

162 2106 290 2143 odium
310 2106 348 2142 in
380 2118 441 2142 me
465 2106 597 2144 merito
628 2119 738 2143 meo:

162 2166 203 2197 et
235 2158 334 2210 quod
367 2158 453 2196 ante
488 2157 741 2196 existimabam

162 2222 202 2249 te
215 2224 275 2248 me
293 2223 428 2257 amare,
443 2210 481 2248 id
498 2211 548 2249 ita
561 2211 645 2249 vere
662 2224 741 2249 esse

162 2262 398 2302 confirmasti.
425 2262 525 2301 Nam
543 2262 635 2302 mihi
651 2278 742 2316 pau-

163 2316 202 2355 Ιὸ
229 2316 316 2361 ante
342 2325 446 2368 pater
464 2324 550 2354 tuus
581 2329 743 2354 comme-

163 2370 316 2408 moravit
345 2369 531 2419 quomodo
562 2383 622 2407 me
647 2383 742 2421 prae-

164 2421 283 2462 tulisti
317 2423 448 2468 amori,
477 2435 552 2473 quo
590 2436 741 2460 uxorem

193 2475 464 2526 rosequebaris:
493 2485 532 2512 et
555 2489 654 2512 nunc
673 2475 742 2512 mi-

163 2489 205 2567 iii
223 2527 462 2566 deliberatum
494 2535 534 2565 et
563 2528 743 2565 constitu-

165 2589 248 2620 tum
265 2590 336 2627 est,
355 2581 513 2619 vicissim
541 2580 609 2618 tibi
628 2581 742 2618 bene-

164 2634 291 2672 ficium
323 2634 546 2671 retribuere:
593 2642 636 2671 ut
670 2633 742 2672 tibi

153 2686 404 2740 'manifestum
423 2687 499 2726 ‘fiat
534 2687 742 2724 mercedem

165 2739 297 2791 pietati
319 2740 357 2776 in
388 2752 448 2776 me
466 2748 542 2776 tuae
558 2739 656 2789 apud
682 2753 742 2777 me

149 2792 295 2840 jservari
310 2801 347 2829 et
364 2791 524 2830 recondi.
563 2790 624 2829 Mi
636 2789 743 2829 Pam-

152 2842 284 2898 phile,
298 2842 372 2882 hoc
391 2854 431 2882 et
447 2844 564 2891 vobis,
587 2854 630 2890 et
650 2857 743 2883 meae

166 2897 427 2935 existimationi
455 2897 676 2935 conveniens
704 2905 743 2935 et

166 2949 261 2989 utile
276 2950 504 3000 esse-judIcO.
557 2949 641 3002 Ego
654 2963 744 2988 con-

167 3002 276 3044 utitui
311 3000 401 3040 hinc
445 3001 492 3039 ad
525 3002 647 3040 villam
683 3017 743 3040 me

166 3054 413 3108 profecturam
445 3068 524 3093 esse
561 3068 646 3092 cum
679 3066 744 3093 tuo

166 3117 290 3161 patre:
311 3122 359 3146 ne
376 3120 458 3146 mea
470 3109 665 3159 praesentia
677 3108 743 3146 ob-

166 3162 232 3207 sit,
250 3174 341 3199 neve
357 3160 432 3198 ulla
445 3173 553 3198 causa
562 3161 745 3210 relinqua-

165 3222 243 3259 tur,
257 3213 455 3264 quominus
468 3223 532 3251 tua
550 3227 642 3251 uxor
653 3211 743 3251 Phi·

155 3265 316 3304 'lumena
330 3266 375 3303 ad
394 3275 430 3303 te
446 3275 652 3304 revertatur.
671 3266 742 3304 Pa.

167 3317 292 3370 Rogo,
302 3318 390 3369 quid
401 3319 498 3356 istud
511 3319 742 3370 propositum

166 3373 302 3410 tuum?
332 3381 376 3408 ut
408 3381 451 3410 tu
477 3371 576 3409 illius
605 3372 743 3423 impru-

169 3424 295 3461 dentia
311 3423 439 3462 adacta
453 3438 499 3461 ex
517 3424 607 3462 urbe
626 3424 744 3463 disce-

168 3477 231 3512 das
251 3477 297 3514 ad
330 3477 461 3520 villam<
484 3477 740 3524 incolendam?

168 3526 267 3577 Non<
290 3530 524 3579 permittam:
559 3542 679 3580 neque
708 3530 744 3568 id

161 3581 231 3628 ,fiet
249 3581 272 3618 ᾗ
290 3590 340 3626 te,
359 3591 401 3631 ut
420 3583 483 3633 ‘lui
510 3582 631 3630 ¹¹0b3⁵2
650 3593 781 3629 mmor,
799 3586 1004 3626 obtrectare
1021 3581 1340 3644 *cupigpnpmeam
1359 3589 1595 3641 pervicaciam
1614 3589 1735 3628 dicant
1753 3602 1831 3627 esse
1849 3599 2004 3634 causam,
2022 3597 2099 3624 non
2115 3590 2220 3621 tuam
2283 3619 2286 3622 ,
2307 3612 2314 3632 ,ἦ

784 3053 954 3110 ,Haud
992 3053 1172 3106 facies:
1217 3073 1382 3124 neque
1417 3055 1595 3119 sinam,
1632 3062 1687 3103 ut
1723 3051 1810 3122 qui
1847 3051 2011 3116 nobiS,
2043 3054 2219 3172 manill}t
2298 3074 2304 3127 j

795 1415 879 1469 So.
920 1404 1060 1467 ‘NON
1079 1415 1212 1466 clam
1237 1433 1322 1468 me
1351 1424 1441 1480 est,
1466 1414 1539 1467 mi
1563 1422 1730 1485 gnate,
1751 1412 1847 1466 tibi
1869 1430 1952 1467 me
1976 1431 2079 1490 esse
2101 1434 2212 1471 sus-

843 1528 845 1553 *
931 1497 1150 1556 pectam,
1173 1505 1383 1538 uxorem
1405 1496 1544 1538 tuam
1919 1551 1921 1553 ,
2017 1537 2020 1540 ⁴

789 1559 1160 1680 Pi‘optezrqgos
1179 1576 1341 1612 mores
1359 1557 1482 1610 hinc
1502 1557 1711 1623 abiisse3
1731 1556 1830 1626 *etsi
1852 1574 1917 1624 ea
1934 1555 2218 1636 dissimula!

933 1647 984 1681 se
1022 1647 1053 1680 u
1111 1668 1124 1680 .

792 1700 986 1753 Verum
1009 1694 1079 1753 ita
1109 1718 1194 1752 me
1230 1700 1283 1752 di
1318 1711 1507 1766 ament,
1542 1700 1711 1772 itaque
1748 1683 2014 1770 obtingani
2047 1716 2110 1752 ex
2134 1708 2214 1770 ·te,

936 1790 1050 1842 quae
1071 1781 1255 1841 exopto
1274 1772 1419 1838 mihi,
1442 1783 1502 1824 ut
2078 1772 2081 1773 ⁷

793 1844 1074 1913 Nunquam
1110 1845 1272 1895 sciens
1325 1844 1625 1909 commerui,
1675 1842 1856 1896 merito
1903 1850 1960 1894 ut
2018 1855 2256 1914 caperet*

936 1914 1110 1966 odium
1135 1915 1275 1965 illam
1300 1915 1435 1969 mei:

791 1985 968 2055 Teque
997 1994 1268 2055 antequam
1301 2003 1384 2037 me
1420 2005 1587 2038 amare
1622 1985 1781 2050 rebar,
1816 1983 1864 2036 ei
1900 1984 1971 2036 rei
2006 1983 2217 2051 firmasti

875 2101 881 2107 .
935 2056 1119 2109 fidem:
1274 2058 1277 2062 '
2181 2063 2213 2108 5

793 2129 933 2187 Nam
969 2127 1099 2180 mihi
1134 2126 1278 2178 intus*
1301 2128 1416 2180 tuus
1467 2137 1608 2198 pater
1660 2126 1875 2181 narravit
1910 2126 2074 2185 ,modo
2116 2145 2219 2199 quo

934 2209 1084 2268 paeto
1108 2217 1191 2250 me
1215 2199 1446 2251 habueris

793 2270 1119 2340 Praepositam
1144 2268 1305 2322 amori
1340 2281 1463 2324 tuo:
1501 2288 1637 2323 nunc
1672 2269 1767 2321 tibi
1791 2287 1875 2321 me
1911 2267 2105 2322 certum
2141 2277 2217 2322 est

939 2343 1115 2394 contra
1135 2341 1347 2410 gratiam
2054 2340 2218 2410 [scias-

794 2413 1018 2478 Referre,
1041 2424 1100 2464 ut
1122 2413 1256 2482 apud
1276 2433 1359 2465 me
1384 2414 1650 2484 praemium
1671 2431 1775 2465 esse
1799 2411 2017 2482 positum
2041 2411 2215 2481 pietati

795 2485 879 2536 Mi
896 2484 1178 2554 Pamphile,
1202 2485 1300 2536 hoe
1325 2497 1375 2537 et
1397 2486 1552 2551 vobiS,
1577 2495 1627 2536 et
1645 2503 1774 2536 meae
1795 2482 2122 2554 commodum
2140 2484 2216 2536 fa-

938 2574 1038 2607 mae
1061 2555 1287 2608 arbitror.
1522 2566 1525 2572 ’
1823 2555 1825 2559 ”
2181 2558 2214 2605 9

793 2627 910 2696 Ego
934 2645 1016 2680 rus
1041 2628 1288 2679 abituram
1315 2628 1436 2680 hinc
1463 2647 1581 2681 eum
1605 2636 1693 2680 tuo
1717 2645 1800 2680 me
1837 2643 1942 2678 esse
1967 2626 2105 2677 certo
2129 2625 2217 2676 de·
2285 2635 2289 2640 ’

939 2698 1072 2758 crevi
1094 2707 1232 2768 patre
1248 2719 1264 2763 3
1989 2696 2215 2764 [reliqua,

795 2769 880 2821 Ne
918 2762 1032 2821 mea
1068 2771 1334 2839 praesentia
1369 2772 1547 2835 obstet,
1583 2789 1682 2823 neu
1727 2780 1895 2822 caussa
1930 2770 2035 2820 ulla
2069 2774 2219 2817 restet

796 2840 941 2897 Qu'in
977 2850 1066 2892 tua
1100 2841 1401 2894 Philumena
1436 2843 1499 2895 ad
1533 2853 1585 2894 te
1620 2841 1804 2895 redeat.
1858 2838 1982 2891 Ῥα.
2030 2854 2166 2906 quaes

939 2912 1060 2981 quid
1081 2911 1214 2964 istud
1239 2913 1435 2965 consilii
1459 2915 1565 2965 est?
1977 2908 2179 2976 [migres
2194 2949 2208 2958 .

795 2982 938 3033 Illius
985 2983 1198 3046 stultitia
1241 2985 1389 3050 victa,
1442 3004 1505 3036 ex
1558 2985 1680 3035 urbe
1728 2991 1781 3033 tu
1817 2999 1898 3032 rus
1932 2979 2214 3031 habitatum

938 3125 1265 3193 maledictum
1289 3126 1425 3190 velit,

795 3194 921 3247 Mea
956 3194 1231 3263 pertinacia
1270 3215 1373 3255 esse
1413 3195 1545 3247 dicat
1580 3195 1789 3259 factum,
1813 3194 1949 3247 haud
1980 3193 2072 3251 tua
2104 3209 2217 3245 moe

936 3266 1094 3318 destia
1115 3288 1127 3319 ε
2077 3262 2218 3331 [dies,

793 3337 930 3388 Tum
955 3346 1062 3388 tuas
1087 3337 1364 3414 amicast&
1389 3347 1440 3389 et
1474 3350 1708 3405 cognatas
1732 3338 1970 3400 deserere,
1997 3343 2050 3386 et
2071 3335 2219 3385 festos

795 3407 921 3459 Mea
944 3411 1128 3472 caussa,
1152 3402 1314 3460 nolo'g'
1345 3404 1426 3461 So,
1446 3409 1575 3462 nihil
1599 3413 1683 3480 pol
1701 3408 1809 3479 jam
1830 3409 1967 3461 istaec
1991 3423 2067 3458 res
2090 3401 2218 3457 mihi

939 3480 1206 3548 voluptatis
1232 3482 1429 3540 ferugnt:
2018 3508 2024 3513 ·
2107 3489 2111 3500 ”
2134 3487 2140 3495 ’

1083 3564 1094 3585 3

165 3631 375 3670 facilitatem
395 3644 431 3671 et
449 3627 752 3683 moderationem,
771 3651 835 3675 cur
853 3638 1151 3693 habitatum
1162 3642 1287 3680 iveris:
1316 3643 1424 3680 etiam
1446 3652 1524 3680 tuas
1542 3643 1691 3687 amicas,
1709 3651 1748 3680 et
1766 3642 1988 3694 cognatione
2000 3635 2220 3691 propinqu⁸⁵

166 3685 388 3734 relinquere,
407 3696 446 3723 et
463 3687 606 3725 dierum
624 3686 801 3727 festorum
825 3692 1027 3730 solemnem
1054 3689 1358 3744 celebrationem,
1388 3704 1536 3749 propter
1561 3708 1622 3735 me
1647 3695 1801 3736 minime
1823 3692 2032 3734 consentire
2059 3698 2218 3742 pensu--
2278 3699 2285 3720 -’

164 3738 230 3778 So.
249 3737 359 3778 Nihil
376 3751 444 3791 per
461 3738 651 3780 Pollucem
669 3742 737 3780 ista
755 3756 812 3781 res
831 3758 931 3783 nunc
949 3759 1009 3784 me
1028 3745 1212 3787 oblectat:
