2314 3944
109 75 219 184 ω

110 267 297 323 Hecyram
313 270 530 319 comoediam
551 273 591 311 in
610 283 689 311 sce·

112 336 200 362 nam
217 324 366 371 reduco,
384 339 496 375 quam
514 325 607 363 mihi
625 339 688 364 ex-

108 375 242 415 hibere
265 391 351 416 cum
362 378 518 416 -favente
536 377 687 416 silentio

106 442 299 480 nunquam
338 443 561 469 ‘concessum
602 439 683 478 est;

108 491 257 522 tanturn
275 497 355 522 eam
375 484 500 522 obruit
527 482 687 522 infortu-

108 536 228 583 nium.

109 598 228 628 vestra
251 590 460 641 prudentia,
489 598 526 628 et
543 589 588 628 ad
606 603 687 630 eam

109 642 329 687 comoediam
389 643 687 695 cognoscendam

103 696 262 736 attentio
289 694 462 746 placabit,
494 697 525 734 si
552 705 689 735 nostrae

105 747 310 800 diligentiae
369 761 481 801 opem
547 748 686 788 afferat.

105 798 230 844 Simul
246 809 358 852 atque
381 815 463 840 eam
481 814 602 842 coram
619 816 687 855 po-

103 853 195 905 pulo
220 854 374 894 recitare
401 857 513 908 coepi,
540 855 686 908 pugiles

104 905 236 958 gloriae
253 908 394 960 cupidi,
409 909 566 961 populus
583 922 688 962 mag-

104 959 156 998 na
181 961 438 1012 expectatione
469 969 508 1000 et
538 963 685 1014 ingenti

102 1012 227 1052 studio
253 1015 461 1052 concitatus
492 1016 685 1066 spectandi

103 1063 329 1114 funambuli,
343 1079 543 1106 concursus
556 1081 684 1108 eorum

103 1119 171 1171 qui
188 1119 229 1158 in
248 1129 375 1160 nostro
386 1129 476 1163 sunt
486 1123 684 1169 comitatu,

101 1172 303 1219 tumultus,
347 1173 561 1212 vociferatio
601 1188 684 1214 mu-

102 1224 255 1272 lierum,
264 1239 326 1264 me
336 1232 537 1279 coegerunt
546 1229 684 1280 egredi,

105 1286 192 1317 ante
206 1280 431 1332 completam
445 1279 581 1319 fabulae
593 1283 684 1320 acti-

104 1345 233 1379 onem,
247 1342 350 1371 extra
363 1331 561 1373 theatrum.
596 1333 686 1374 Coe-

105 1385 147 1438 pi
161 1385 219 1423 uti
231 1386 387 1438 antiqua
402 1386 683 1436 consuetudine,

103 1437 181 1490 qua
196 1452 286 1477 usus
303 1438 359 1477 fui
395 1439 434 1477 in
459 1437 603 1479 Caecilii
631 1439 685 1480 fa-

105 1489 222 1539 bulis,
247 1492 288 1530 in
312 1492 410 1532 nova
424 1491 593 1532 Terentli
622 1492 692 1533 co·'

103 1544 244 1584 moedia
269 1543 431 1597 Hecyra,
458 1554 501 1584 ut
523 1546 563 1585 in
586 1549 686 1601 peri-

41 1626 59 1640 χ
103 1597 193 1636 culo
210 1598 382 1637 faciendo
399 1599 620 1649 insisterem,
647 1609 686 1640 et

103 1659 248 1690 tentare
283 1664 576 1704 perseverarem:
615 1654 686 1692 ite-

102 1716 187 1742 rum
240 1702 426 1759 Hecyram
466 1706 686 1747 comoediam

102 1756 304 1801 introduco
357 1759 398 1798 in
450 1758 682 1799 Theatrum:

103 1811 226 1863 primo
256 1820 344 1851 actu
368 1820 494 1864 gratus
518 1827 617 1861 sum,
645 1822 685 1853 et

101 1871 301 1916 acceptus:
321 1878 435 1916 quum
454 1866 596 1905 interea
608 1880 685 1905 ser-

102 1929 170 1956 mo
195 1918 378 1970 spargitur
403 1917 610 1958 exhibitum
637 1921 684 1959 iri

102 1969 351 2022 gladiatores:
421 1971 466 2011 fit
536 1972 684 2012 subitus

101 2023 235 2076 popuii
252 2036 467 2072 concursus,
483 2025 603 2064 turbae
621 2039 684 2065 ex-

104 2078 284 2126 citantur,
314 2077 576 2126 vociferantur,
606 2092 685 2118 cer-

103 2136 189 2169 tant
225 2140 377 2184 propter
416 2131 567 2171 locum:
613 2146 685 2186 ego

103 2184 263 2231 interea,
301 2184 388 2223 dum
419 2183 501 2223 haec
536 2185 685 2234 fierent,

107 2249 185 2275 non
211 2238 317 2290 potui
340 2236 535 2278 defendere
561 2239 686 2278 locum

106 2291 239 2342 inquo
255 2291 332 2342 ipse
349 2291 516 2343 agebam.
568 2290 686 2343 Nqunc

105 2343 349 2382 tumultuatio
367 2343 469 2382 nulla
486 2353 557 2392 est,
583 2353 683 2384 tran-

103 2395 266 2449 quillitas
293 2405 332 2436 et
357 2397 588 2437 taciturnitas
616 2398 684 2437 ob-

102 2459 307 2497 servantur,
364 2452 508 2488 occasio
548 2464 684 2504 oppor-

103 2512 196 2542 tuna
221 2503 402 2541 recitandi
435 2504 483 2542 ab
514 2504 683 2544 aedilibus

299 535 404 575 Istud
438 534 686 575 infortunium
726 548 734 553 “

720 129 781 185 P.
814 122 1166 188 TERENTH
1197 91 1528 187 HECYRA.

739 270 1002 341 Hecyram
1025 270 1090 324 ad
1113 265 1201 324 vos
1224 272 1402 336 refer0‚
1432 275 1588 342 quam
1611 273 1742 328 mihi
1763 293 1853 346 per
1874 276 2133 332 silentium
2162 301 2187 326 4

737 342 1018 413 Nunquam
1045 361 1194 413 agere
1216 342 1418 396 licitum
1443 353 1532 411 est,
1567 344 1639 398 ita
1672 363 1786 400 eam
1816 352 2059 420 oppressit
2082 367 2168 418 caff-

880 415 1096 469 lamitaS.
1307 431 1311 434 ’
2097 424 2170 475 30

738 485 871 539 Eam
900 487 1242 540 calamitatem
1268 496 1431 552 vostra
1454 485 1792 556 intelligentia

742 557 968 622 Sedabit‚
993 558 1035 611 si
1058 558 1153 611 erit
1176 557 1394 630 adjutrix
1418 569 1599 628 nostrae
1623 553 1897 632 industriae.

741 629 878 682 Cum
897 630 1122 700 primum
1147 647 1261 683 eam
1285 648 1435 700 agere
1458 629 1613 701 coepi,
1636 629 1871 701 pugilum'
1892 632 2070 704 gloria,

741 701 1053 773 Funambuli
1077 702 1257 755 eodem
1280 701 1491 755 accessit
1512 701 1829 773 expectatio:
1950 765 1960 771 „

741 771 1003 827 Comitum
1028 783 1322 840 conventuS,
1346 773 1596 846 strepituS‚
1621 774 1814 827 clamor
1835 773 2120 841 mulierum,
2159 827 2162 832 .

740 843 945 910 Fecere,
969 853 1169 899 utente
1191 855 1392 917 tempus
1417 846 1608 901 exirem
1632 846 1779 898 foras,
2095 845 2167 904 86

738 916 921 968 Vetere
943 917 997 969 in
1022 918 1154 970 nova
1177 918 1313 988 coepi
1338 917 1413 970 uti
1435 917 1816 983 consuetudine,

735 987 796 1040 In
822 988 1133 1058 experiundo
1155 990 1430 1044 ut'essem:
1468 989 1628 1042 refero
1651 988 1848 1055 denu03
1904 1031 1909 1034 .
1975 989 1978 991 ’

738 1058 914 1112 Primo
938 1069 1057 1114 actu
1079 1062 1273 1131 placeo.
1300 1063 1419 1114 cum
1443 1060 1635 1113 interea
1657 1077 1832 1114 rumor
1853 1058 2010 1131 venit,

738 1133 937 1185 Datum
962 1132 1024 1186 iri
1046 1133 1375 1202 gladiatores:
1412 1134 1630 1204 populus
1653 1133 1922 1188 convolat:

736 1203 1153 1270 Tumultuantur,
1176 1206 1415 1271 clamant,
1437 1211 1668 1276 pugnant
1689 1204 1753 1257 de
1774 1204 1909 1258 loco·

737 1274 853 1344 Ego
876 1275 1068 1329 interea
1090 1294 1266 1330 meum
1290 1294 1394 1330 non
1420 1276 1564 1346 potui
1587 1276 1739 1328 tutari
1763 1277 1956 1330 locum.

737 1347 893 1401 Nunc
917 1349 1063 1400 turba
1087 1350 1228 1401 nulla
1251 1358 1324 1419 est
1345 1369 1358 1402 z
1397 1348 1559 1401 otium
1585 1357 1637 1400 et
1658 1347 1919 1402 silentium
1942 1355 2038 1411 est.

738 1419 940 1489 Agendi
963 1429 1163 1490 tempus
1185 1419 1316 1473 mihi
1340 1421 1516 1474 datum
1540 1418 1644 1472 est:
1680 1417 1821 1478 vobis
1843 1419 2003 1492 datur⁴

739 1486 962 1544 Potestas
987 1492 1356 1545 condecorandi
1383 1491 1527 1544 ludos
1551 1490 1796 1557 scenicos.

738 1562 913 1615 Nolite
936 1563 1100 1616 sinere
1123 1581 1213 1634 per
1235 1582 1320 1616 vos
1343 1573 1503 1617 artem
1527 1562 1775 1616 musicaffi
2051 1631 2053 1633 ‚

738 1633 986 1687 Recidere
1010 1635 1073 1688 ad
1098 1653 1312 1705 paucos:
1350 1636 1518 1702 facite,
1546 1644 1603 1687 ut
1622 1643 1786 1706 vestra
1808 1633 2078 1689 auctoritas

738 1705 878 1758 Meae
903 1705 1189 1760 auctoritati
1211 1707 1397 1760 fautrix
1419 1706 1735 1778 adjutrixque
1757 1707 1839 1759 sit.
1972 1706 1975 1709 ”

739 1777 795 1829 Si
821 1797 1084 1849 nunquam
1107 1781 1253 1832 avare
1276 1779 1426 1832 statui
1450 1778 1667 1849 pretium
1692 1778 1788 1832 arti
1810 1787 1960 1845 meae,
2091 1846 2094 1849 Δ
2161 1839 2167 1846 ,

735 1847 808 1902 Et
844 1868 964 1902 eum
1003 1868 1107 1903 esse
1140 1851 1388 1922 quaestum
1426 1850 1480 1904 in
1517 1850 1749 1904 animum
1783 1849 1961 1903 induxi
1985 1866 2167 1911 maxuf

878 1939 1041 1989 mum,
1467 1971 1480 1980 ,
1698 1940 1702 1947 ·
2094 1926 2166 1976 50

737 1991 909 2048 Quam
934 1995 1174 2046 maxume
1197 1993 1380 2046 servire
1403 1992 1575 2046 vestris
1600 1991 1879 2046 commodis
1887 2011 1906 2059 3

737 2065 902 2116 Sinite
928 2065 1196 2136 impetrare
1219 2083 1319 2131 me,
1344 2065 1432 2136 qui
1456 2065 1511 2117 in
1534 2066 1745 2118 tutelam
1771 2081 1953 2119 meam,
2017 2132 2020 2135 ν

737 2135 974 2205 Studium
999 2150 1166 2203 suum,
1191 2147 1242 2189 et
1260 2155 1315 2189 se
1339 2137 1392 2189 in
1416 2147 1634 2200 vostram
1658 2135 1914 2189 commisit
1935 2133 2108 2206 fidem,

736 2207 819 2260 Ne
843 2226 961 2260 eum
988 2208 1390 2278 circumventum
1415 2207 1589 2279 inique
1613 2206 1776 2278 iniqui
1800 2205 2055 2261 irrideant.
2120 2261 2141 2276 f

738 2278 865 2331 Mea
883 2281 1056 2332 caussa
1075 2298 1300 2339 caussam
1321 2280 1454 2333 hanc
1472 2280 1708 2350 accipite,
1728 2289 1779 2332 et
1796 2277 2054 2332 silentium
2091 2282 2160 2332 55

733 2350 889 2416 Date,
912 2361 970 2403 ut
990 2352 1145 2405 libeat
1167 2352 1382 2405 scribere
1405 2351 1532 2417 aliis,
1555 2350 1784 2420 mihique
1807 2361 1865 2423 ut
1886 2348 2077 2404 discere

734 2423 904 2475 Novas
929 2425 1178 2495 expediat,
1202 2424 1410 2495 posthac
1433 2423 1595 2494 pretio
1619 2431 1813 2493 emptas
1836 2440 1975 2477 meo·

2094 1139 2171 1192 4⁰

2059 1472 2167 1563 „4¹5

108 2552 204 2594 mibi
214 2556 428 2608 praebetur:
456 2556 560 2595 vobis
579 2558 668 2596 licet
685 2559 791 2599 ludos
808 2558 1029 2610 theatrales,⁴
1039 2562 1105 2613 qui
1124 2561 1162 2600 in
1181 2561 1290 2601 scena
1307 2571 1481 2652 affantur,
1499 2560 1738 2601 cohonestare
1754 2559 1874 2610 favore
1887 2559 2023 2600 silentii
2037 2561 2165 2601 vestri.

108 2607 242 2647 Nolite
262 2610 510 2658 committere,
539 2618 581 2649 ut
604 2624 661 2651 ars
681 2615 829 2666 poetica
847 2627 985 2666 paucos
1011 2615 1167 2654 artifices
1184 2617 1322 2667 peritos

1351 2614 1488 2661 iabeat,
1516 2625 1555 2654 et
1573 2615 1617 2654 ad
1636 2628 1771 2668 paucos
1789 2615 2001 2668 perveniat:
2028 2627 2164 2654 conce·

79 2667 90 2675 ·
109 2660 298 2718 dite-mihi
318 2662 526 2702 subsidium
544 2668 706 2705 vestrum
723 2675 761 2705 et
780 2668 1007 2719 praesidium,
1034 2668 1122 2708 dum
1140 2670 1247 2707 enixe
1264 2668 1388 2707 laboro
1417 2670 1454 2706 in
1472 2671 1562 2719 juva
1589 2670 1637 2707 do
1662 2675 1788 2721 poetas
1810 2681 2012 2718 eorumque
2028 2666 2164 2710 studia.

109 2713 153 2754 Si
172 2728 362 2766 nunquam
381 2718 484 2754 avare
501 2719 570 2756 arti
589 2731 682 2756 mene
700 2722 983 2760 aestimationem
1002 2730 1041 2759 et
1056 2721 1318 2760 indicationem
1334 2719 1421 2767 feci,
1448 2730 1485 2759 et
1503 2683 1596 2760 ιηίἓὶ
1624 2722 1789 2775 persuasi
1805 2721 1946 2760 lucrum
1966 2719 2064 2760 istud
2080 2733 2163 2761 esso.

109 2767 394 2820 amplissimum,
421 2771 549 2808 vestris
567 2771 804 2820 utilitatibus,
832 2783 872 2812 ct
888 2773 1149 2813 emolumentis
1169 2776 1279 2824 atque
1298 2773 1578 2813 oblectamentis
1596 2776 1790 2814 inserviret
1817 2774 1992 2828 permitte
2010 2786 2070 2812 me
2086 2770 2169 2810 hoe‘

109 2820 133 2860 ἰ
160 2820 263 2859 vobis
291 2822 462 2873 precibus
487 2823 672 2873 obtinere,
702 2840 751 2864 ne
778 2841 863 2866 eum
891 2827 1060 2866 delusum
1085 2829 1243 2880 improbi
1266 2828 1432 2880 improbe
1458 2828 1619 2868 ludibrio
1644 2826 1819 2873 habeant,
1849 2827 1915 2879 qui
1937 2825 2102 2865 studium
2125 2835 2162 2864 et

112 2887 263 2926 operam
282 2875 368 2912 artis
384 2889 461 2913 suae
473 2875 567 2915 mihi
586 2878 779 2928 tuendam,
799 2889 836 2918 et
851 2894 889 2919 se
902 2881 986 2920 fidei
1005 2890 1043 2919 et
1060 2880 1172 2919 favori
1186 2891 1307 2919 vestro
1322 2882 1591 2934 protegendum
1608 2882 1722 2920 dedit.
1766 2879 1848 2918 Mei
1863 2879 1992 2931 gratia,
2013 2891 2159 2917 causam

111 2933 234 2980 poetae
250 2925 417 2966 Terentii
444 2931 622 2981 suscipite
649 2932 933 2982 defendendam,
965 2944 1005 2972 et
1032 2934 1167 2987 linguis
1186 2934 1318 2981 favete,
1351 2945 1391 2973 ut
1418 2935 1479 2973 alii
1506 2942 1624 2988 poetae
1647 2947 1793 2985 quoque
1811 2933 1971 2970 libenter
1988 2931 2160 2969 studeant

109 2981 376 3032 componendis
393 2983 598 3030 comoediis,
613 2984 782 3037 mihique
799 2987 980 3030 conducat
997 3001 1105 3028 novas
1124 2988 1309 3031 memoriae
1328 2987 1498 3030 mandare
1517 2998 1553 3029 et
1571 2987 1767 3034 addiscere,
1783 2998 1870 3037 quas
1884 2985 2053 3038 pecuniae
2066 2997 2169 3038 meae>

108 3034 355 3087 aestimatione
373 3034 394 3073 ὲ
413 3036 519 3087 poeta
536 3039 832 3091 comparaverim.
2168 3044 2174 3064 ⁷
