2314 3944
195 116 199 138 Ι

480 144 512 171 '·
764 141 1001 198 AC'PUS
1035 142 1110 196 ΙΙ.
1180 140 1547 197 ΞΟΕΝΑ-ΠΙ.

128 285 616 374 Ειῇιιεθῐιιιίειροᾷιιεᾶ,
632 286 830 356 opinor,
854 305 969 356 quae
986 295 1093 339 erat
1116 295 1328 350 mortua,

131 362 257 415 Sme
278 378 399 413 auro
415 369 528 411 tum
549 359 882 423 ornatam,.ita
901 361 977 409 uti
998 376 1113 427 quae
1131 367 1371 410 ornantur
1387 357 1499 422 sibi,

129 431 291 485 Nulla
309 429 445 484 mala
456 429 531 480 ³re·
543 431 648 482 esse
673 430 945 499 expolitam
955 429 1234 482 muliebri:

130 502 356 583 Capillus
378 500 563 571 passus,
579 501 817 569 prolixus,
846 501 1038 553 circum
1064 509 1215 568 caput

131 571 369 643 Rejee'tus
393 569 733 640 negligenter:
762 571 898 641 pax!
943 570 1020 624 Cl.
1045 571 1167 639 Syre
1193 569 1282 633 mi,
1304 571 1509 621 obsecro

131 643 216 696 Ne
235 661 320 696 me
338 644 391 696 in
411 643 639 695 laetitiam
654 645 835 695 frustra
856 642 1125 712 conjicias,
1152 641 1238 710 Sy.
1262 659 1387 711 anus
1482 645 1546 692 51

133 714 414 778 Subtemen
438 716 621 766 nebat:
658 724 896 783 praeterea
919 723 1022 764 una
1044 712 1284 764 ancillula

131 784 258 837 Erat
277 805 294 839 ε
332 805 394 838 ea
415 788 616 837 texebat
641 788 757 848 una,
780 784 958 853 pannis
981 783 1157 847 obsita,

133 855 398 926 Negleeta,
419 856 689 909 immunda
703 856 893 908 illuvie.
947 853 1043 908 Cli.
1080 854 1122 906 si
1154 853 1267 905 haec
1290 861 1423 919 sunt,
1448 852 1554 904 Cli-

278 947 378 992 ma,
1540 959 1551 964 κ

134 997 283 1062 Vera,
309 1000 379 1052 ita
401 1010 460 1051 ut
482 999 647 1066 eredO,
675 997 784 1067 quis
807 1006 956 1056 teest
977 995 1310 1065 fortunatior?
1487 998 1553 1046 55

136 1070 276 1122 Scin'
297 1081 353 1122 tu
372 1071 521 1135 hanc,
546 1087 695 1139 quam
721 1069 845 1120 dicit
867 1069 1167 1120 sordidatam
1192 1078 1244 1119 et
1269 1065 1556 1119 sordidam?

135 1141 394 1210 Magnum
423 1142 528 1192 hoc
563 1158 765 1209 quoque
800 1140 1005 1208 signum
1041 1149 1116 1190 est
1159 1139 1419 1191 dominam
1455 1154 1569 1189 esse„

142 1236 146 1239 ·
278 1225 418 1264 extra
441 1211 662 1274 noxiam,
795 1242 800 1246 ν
1003 1252 1005 1254 .

137 1283 281 1342 Cum⁴
294 1281 409 1352 ejus.
420 1292 525 1335 tam
551 1283 878 1351 negliguntur
899 1279 1205 1334 internuncii
1223 1301 1236 1334 ε

136 1354 275 1406 Nam
295 1353 560 1423 disciplina
577 1365 652 1405 est
671 1354 877 1419 eisdem,
905 1351 1214 1406 munerarier
1290 1375 1293 1378 *

136 1425 365 1478 Ancillas
386 1425 627 1495 primum,
651 1426 716 1477 ad
738 1425 966 1485 dominas
985 1423 1076 1493 qui
1103 1421 1343 1479 affectant
1364 1419 1516 1472 viam.
1541 1445 1586 1469 s„

142 1494 223 1549 Cl.
261 1497 436 1566 Perge,
457 1498 663 1549 obsecro
683 1509 750 1561 te,
770 1506 820 1548 et
838 1514 958 1548 cave
976 1513 1042 1546 ne
1066 1495 1239 1546 falsam
1260 1491 1471 1562 gratiam
1494 1495 1558 1542 61

139 1568 356 1620 Studeas
381 1568 526 1620 inire.
566 1567 688 1636 quid
711 1568 798 1631 ait,
820 1567 910 1618 ubi
931 1585 1015 1618 me
1041 1565 1303 1617 nominas?

142 1639 231 1708 Sy.
269 1639 375 1690 Ubi
400 1639 615 1690 dicimus
639 1639 840 1690 rediisse
864 1647 930 1703 te,
956 1648 1007 1690 et
1031 1654 1202 1706 rogare
1226 1637 1303 1702 uti

139 1709 350 1778 Veniret
372 1710 437 1762 ad
459 1720 526 1774 te,
553 1710 735 1762 mulier
756 1711 908 1761 telam
936 1709 1119 1761 desinit

143 1780 416 1845 Continuo,
441 1791 491 1833 et
514 1781 748 1832 lacrumis
771 1782 944 1850 opplet
967 1799 1021 1831 os
1041 1787 1205 1831 totum
1224 1776 1336 1841 sibi,
1359 1785 1423 1830 ut.-
1496 1782 1563 1828 65

141 1850 315 1904 Facile
338 1851 487 1904 scires
508 1852 752 1904 desiderio
769 1851 822 1904 id
838 1851 946 1903 fieri
963 1860 1069 1903 tu0.

147 1921 226 1977 Cl.
265 1917 378 1975 Prae
395 1923 580 1992 gaudio
607 1923 696 1991 (ita
718 1941 802 1975 me
826 1923 879 1974 dt
901 1922 1092 1986 ament)
1115 1920 1204 1972 ubi
1225 1919 1320 1971 sim
1347 1917 1532 1970 nescio.

142 1992 223 2046 Ita
239 1994 406 2047 timui.
449 1992 550 2048 Cli.
570 2002 621 2045 at
643 2012 738 2062 ego
757 1994 885 2046 nihil
909 2011 1013 2045 esse
1033 1994 1270 2056 sciebam,
1296 1990 1478 2042 Clinia.

143 2066 381 2133 Agedum
406 2064 641 2130 vicissim,
664 2067 803 2134 Syre,
829 2065 911 2117 dic
932 2083 1046 2134 quae
1070 2066 1157 2116 illa
1175 2073 1249 2114 est
1266 2064 1434 2114 altera.

147 2134 238 2206 Sy.
262 2137 587 2202 ⁴Adducimus
607 2148 747 2189 tuam
766 2137 1097 2188 Bacchidem.
1140 2134 1232 2187 Cli.
1258 2131 1402 2185 hem!
1430 2131 1570 2202 quid,

287 2206 600 2259 Bacchidem
622 2209 639 2258 ?
1043 2212 1050 2220 “
1499 2206 1570 2267 70

146 2276 283 2344 Eho,
316 2280 542 2344 sceleste,
575 2279 677 2347 quo
717 2278 859 2330 illam
895 2278 1135 2331 adducis?
1180 2276 1267 2346 Sy.
1303 2276 1404 2346 quo
1427 2275 1569 2328 illam

292 2350 421 2416 ego?
460 2349 523 2401 ad
547 2367 636 2401 nos
653 2349 860 2404 scilicet.

154 2419 230 2472 Cl.
268 2420 351 2471 Ad
371 2422 668 2488 patremne?
711 2421 798 2493 Sy.
840 2421 903 2472 ad
927 2437 1045 2472 eum
1070 2419 1254 2490 ipsum.
1294 2418 1390 2471 Cli.
1425 2420 1457 2470 ὂ
1478 2418 1573 2470 ho-

295 2490 447 2542 minis
471 2491 819 2560 impudentem
845 2492 1131 2543 audaciam!
1173 2492 1261 2560 Sy.
1282 2491 1427 2543 heus.

149 2561 272 2613 Non
294 2562 354 2613 fit
374 2561 482 2614 sine
504 2562 730 2633 periculo
761 2563 955 2617 facinus
978 2581 1225 2632 magnum
1250 2572 1301 2614 et
1323 2579 1573 2613 memora-

293 2633 413 2685 bile.

155 2700 256 2757 Cli.
292 2704 413 2755 Hoc
436 2703 549 2755 vide
570 2724 582 2756 ε
619 2704 675 2757 in
698 2707 814 2758 mea
834 2704 939 2758 vita
959 2713 1015 2756 tu
1039 2704 1133 2757 tibi
1151 2704 1353 2756 laudem
1377 2703 1418 2756 is
1437 2722 1574 2774 quae-

292 2775 465 2840 situm,
483 2777 672 2828 scelus:
1456 2778 1460 2781 ’

151 2844 259 2898 Ubi
281 2845 322 2897 si
345 2847 609 2915 paululum
631 2846 783 2899 modo
808 2847 930 2918 quid
963 2854 1014 2898 te
1046 2845 1248 2915 fugerit,
1281 2863 1377 2914 ego
1409 2845 1575 2981 peri7e-

290 2917 405 2970 rim.
446 2949 449 2950 ν
549 2962 555 2971 χ
1486 2964 1488 2967 ⁴
1541 2923 1572 2969 5

153 2986 295 3056 Quid
316 2988 407 3041 illo
428 2988 612 3041 facias?
642 2989 729 3059 Sy.
753 2998 805 3045 at
828 2990 983 3042 enim.
1013 2988 1113 3045 Cli.
1137 2989 1274 3060 quid,
1294 2987 1573 3057 enim?„Sy.

297 3058 341 3111 si
358 3059 506 3125 sinaS,
529 3059 713 3116 dicam.
757 3062 830 3115 C'l.
857 3061 982 3113 sine.

156 3181 251 3222 refer
267 3196 352 3234 quae
368 3194 423 3224 est
440 3186 501 3224 illa
515 3186 655 3226 altera?
682 3187 753 3240 Sy.
777 3187 1005 3227 Adducimus
1022 3195 1126 3225 tuam
1143 3186 1297 3224 amicam
1318 3181 1554 3223 Bacchidem.
1586 3184 1658 3223 Cli.
1674 3182 1795 3222 Hem!
1825 3183 1942 3233 quid?
1972 3180 2070 3220 Bacc
2085 3183 2199 3222 iidem
2279 3179 2281 3181 ’

154 3235 361 3276 adducitis?
389 3235 491 3286 Eho,
509 3241 534 3277 ὁ
550 3239 730 3292 flagitiose
746 3241 757 3280 ἱ
784 3242 860 3292 qno
873 3241 975 3279 ducis
991 3239 1091 3278 illam
1106 3240 1121 3277 ἓ
1150 3238 1221 3291 Sy.
1236 3237 1324 3280 Quo
1341 3236 1440 3275 illam
1458 3237 1567 3282 duco,
1585 3238 1718 3289 rogas?
1748 3236 1847 3273 certe
1867 3234 1910 3272 ad
1932 3233 2029 3272 aedes
2044 3245 2206 3274 nostras.
2276 3259 2286 3276 ι.

157 3287 236 3327 Gli.
250 3288 389 3328 Utrum
404 3289 507 3329 ducis
520 3291 621 3331 illam
638 3293 736 3345 apud
748 3294 918 3345 patrem?
947 3293 1016 3344 Sy.
1033 3291 1095 3330 Ad
1111 3305 1197 3330 eum
1210 3292 1333 3343 ipsum
1346 3290 1453 3328 duco.
1510 3287 1591 3327 Cli:

2082 146 2180 195 119

1585 173 1602 181 ω

1601 288 1753 334 propter
1784 293 1914 329 anum,
1945 290 2051 334 put0,
2091 297 2177 335 quae

1602 345 1746 374 mortua
1775 345 1869 382 erat,
1904 336 2038 373 nudam
2070 349 2177 384 auro,

1603 402 1649 426 eo
1659 387 1770 426 modo
1781 401 1857 439 quo
1873 387 1993 426 solent
2011 387 2082 426 illae
2096 402 2179 426 mu-

1603 438 1711 479 lieres
1727 453 1812 492 quse
1828 442 2018 488 ornantur,
2034 450 2079 479 ut
2105 441 2180 479 sibi

1604 493 1691 532 solis
1712 493 1895 544 placeant,
1913 506 1987 531 non
2005 494 2180 532 amatori-

1603 546 1687 591 bus,
1702 545 1803 595 nulla
1824 546 1982 592 cerussa,
2002 546 2105 584 nullo
2122 559 2182 584 ar-

1604 599 1720 637 tificio
1734 612 1848 651 genas
1866 598 2044 637 fucatam:
2066 600 2179 637 crinis

1604 652 1682 701 ejus
1714 661 1792 690 erat
1835 664 1993 703 sparsus,
2033 651 2182 703 longus,

1606 704 1708 742 nulls
1737 706 1823 743 curii
1846 706 1943 742 circa
1966 714 2077 756 caput
2111 706 2182 743 im·
2226 708 2228 710 ’

1605 757 1751 796 missus.
1795 758 1855 796 Cc.
1882 756 1944 795 Mi
1964 756 2070 809 Syre,
2098 771 2185 809 pre-

1607 821 1670 846 cor
1688 823 1736 847 ne
1755 823 1815 848 me
1829 810 1978 848 inducas
1992 813 2031 848 in
2058 810 2186 848 laetiti-

1608 874 1667 899 am
1700 861 1804 900 falso.
1841 863 1910 914 Sy.
1939 863 2046 901 Anus
2071 863 2184 901 nebat

1607 914 1815 960 subtemen,
1854 915 1958 954 filum
1990 916 2186 966 torquebat

1609 967 1709 1023 quod
1727 968 1763 1004 in
1778 968 1851 1006 tela
1868 969 2023 1006 texenda
2041 978 2185 1007 stamen

1611 1020 1845 1059 intercurrit:
1875 1030 2008 1072 praeter
2037 1034 2118 1059 eam
2147 1034 2188 1058 a·-

1611 1086 1702 1110 num
1717 1087 1791 1112 una
1813 1074 1952 1111 servula
1969 1074 2118 1111 texebat
2135 1074 2188 1112 si-

1613 1125 1707 1172 mul,
1726 1139 1902 1176 pannosa,
1921 1126 2098 1177 squalida,
2118 1126 2187 1165 foe-

1613 1178 1919 1216 disimmunditiis
1934 1178 2090 1217 horrida.
2113 1179 2188 1218 Cli.

1613 1229 1650 1268 O
1669 1229 1806 1279 Clinia,
1822 1233 1853 1269 si
1881 1231 1993 1283 Syrus
2007 1245 2089 1270 vera
2107 1245 2195 1270 nar--

1614 1292 1684 1330 rat,
1703 1284 1755 1321 ita
1771 1293 1815 1322 ut
1841 1285 1962 1331 credo,
1981 1285 2062 1335 quis
2080 1295 2137 1323 est
2149 1295 2190 1324 te

1614 1335 1785 1374 beatior?
1816 1335 1943 1375 Scisne
1962 1337 2056 1375 hanc
2074 1338 2191 1377 ancil-

1614 1388 1743 1436 lulam,
1762 1390 1807 1427 de
1835 1390 1908 1440 qua
1925 1391 1996 1428 iste
2029 1390 2199 1441 loquitur.

1616 1455 1754 1488 servus,
1774 1451 1815 1480 ut
1842 1443 1982 1481 inculta
2009 1452 2048 1480 et
2074 1444 2192 1482 sordi-

1616 1494 1723 1532 dibus
1738 1496 1850 1546 turpi,
1865 1496 1995 1547 ingens
2011 1496 2191 1535 indicium

1618 1561 1697 1585 esse
1732 1548 1918 1587 dominam
1960 1549 2075 1599 ipsius
2110 1562 2193 1588 esse

1557 1614 1562 1616 ·
1616 1601 1697 1639 sine
1724 1601 1849 1652 culp&
1879 1602 1964 1640 etun
1990 1603 2054 1652 qui
2074 1602 2109 1639 ei
2133 1603 2192 1640 in-

1616 1654 1781 1691 serviunt
1808 1655 1847 1692 in
1867 1655 2011 1704 nunciis
2031 1654 2193 1692 ferendis

1616 1706 1660 1744 ad
1669 1715 1861 1751 amatores,
1874 1716 1948 1744 tam
1962 1707 2194 1764 negligenter

1619 1772 1658 1797 se
1693 1769 1823 1807 curant
1853 1770 1889 1797 et
1919 1769 2065 1811 parant:
2106 1774 2193 1799 nam

1646 1822 1845 1864 raeceptum
1878 1814 1919 1849 in
1949 1821 2028 1853 arte
2046 1813 2194 1851 amandi

1618 1825 1691 1902 lioc
1706 1873 1884 1902 amatores
1899 1865 2108 1912 (observant,
2129 1867 2196 1917 qui

1620 1926 1772 1969 captant
1798 1917 1983 1956 accessum
2009 1918 2053 1956 ad
2079 1919 2198 1956 domi-

1622 1983 1702 2015 nas,
1720 1979 1763 2008 ut
1775 1970 1923 2009 ancillas
1938 1973 2101 2022 primum
2111 1985 2196 2009 rnu-

1621 2023 1771 2061 neribus
1786 2025 1856 2061 sibi
1874 2024 2087 2062 concilient.
2136 2024 2199 2069 Cl.

1621 2073 1770 2122 Precor,
1814 2089 2031 2127 persequere
2073 2078 2199 2128 incep-

1620 2136 1696 2166 tam
1718 2130 1976 2175 narrationem,
1996 2137 2033 2166 et
2053 2130 2135 2167 vide
2149 2143 2198 2167 ue

1622 2181 1668 2219 de
1690 2181 1867 2220 industria
1899 2194 2022 2233 captes
2046 2181 2197 2233 menda-

1622 2235 1682 2272 cio
1725 2248 1844 2272 meam
1889 2234 2198 2273 benevolentiam.

1623 2284 1784 2330 Quando
1802 2301 1862 2325 me
1881 2287 2094 2334 nominasti,
2110 2287 2199 2338 quid

1589 2384 1596 2390 N
1623 2340 1716 2378 dixit
1751 2341 1831 2392 ipsa
1860 2339 2081 2391 Antiphila?
2128 2341 2201 2392 Sy.

1624 2391 1785 2436 Quando
1804 2394 2056 2431 nunciavimus
2084 2402 2122 2430 te
2140 2406 2199 2431 re-

1623 2459 1768 2484 versum
1786 2459 1863 2484 esse
1892 2446 2057 2497 peregre,
2086 2455 2200 2497 teque
2255 2472 2258 2473 ν

1624 2512 1706 2536 eain
1724 2501 1876 2550 precari,
1909 2507 1953 2536 ut
1980 2507 2018 2536 te
2044 2499 2200 2545 viseret;

1625 2551 1725 2589 illico
1754 2551 1878 2603 puella
1917 2551 2050 2600 abjecit
2085 2551 2199 2591 telam

1625 2617 1735 2655 quam
1762 2604 1922 2651 texebat,
1951 2613 1990 2641 et
2014 2601 2201 2642 lachrimis

1624 2666 1742 2695 totam
1759 2656 1890 2694 faciem
1903 2655 2089 2708 perfudit3
2111 2657 2202 2695 adeo

1626 2719 1671 2748 ut
1688 2709 1780 2746 clare
1797 2710 2036 2761 intelligeres,
2058 2708 2095 2747 id
2121 2709 2200 2749 fieri

1628 2775 1764 2807 amore,
1810 2772 1849 2800 et
1897 2775 1943 2800 cu
1971 2762 2100 2801 iditate
2144 2763 2201 2801 tui

1626 2815 1786 2853 videndi.
1843 2814 1903 2854 Cl.
1965 2824 2001 2854 ta
2032 2813 2125 2854 mihi
2150 2815 2202 2854 dii

1627 2869 1704 2906 sint
1719 2868 1884 2919 propitii,
1903 2881 1980 2906 non
2001 2881 2084 2906 sum
2103 2868 2201 2919 apud

1627 2934 1703 2967 me,
1754 2924 1836 2972 ‘prae
1879 2920 1994 2959 nimia
2048 2920 2201 2966 laetitia;

1626 2974 1717 3011 adeo
1734 2973 1851 3011 metui
1867 2974 1982 3024 prius.
2039 2973 2112 3011 Cli.
2131 2972 2203 3020 At,

1595 3025 1597 3027 ’
1624 3026 1648 3064 ὁ
1673 3024 1809 3072 Clinia,
1835 3039 1906 3077 ego
1927 3019 2086 3063 sciebam
2116 3025 2202 3063 nul-

1622 3077 1695 3117 lam
1723 3091 1800 3117 esse
1836 3091 1996 3124 causam,
2026 3090 2091 3115 cur
2119 3090 2198 3115 me-

1619 3139 1752 3169 tueres.
1819 3129 1856 3168 O
1897 3128 2003 3180 Syre,
2090 3129 2200 3170 edum

1598 3288 1635 3327 O
1654 3288 1907 3340 impudentem
1919 3287 2106 3326 audaciam
2121 3300 2202 3325 sce-

153 3340 260 3382 letati
274 3340 462 3380 hominis!
489 3342 560 3394 Sy.
578 3342 684 3383 Heus
702 3354 760 3393 tu,
786 3359 843 3385 res
868 3346 1023 3398 insignis
1041 3352 1080 3382 et
1098 3343 1332 3383 memoranda
1360 3355 1435 3380 non
1461 3343 1540 3380 sine
1564 3341 1772 3380 discrimine
1789 3341 1942 3391 geritur.
1999 3340 2073 3379 Cli.
2101 3338 2202 3380 Illud

157 3393 239 3433 vide
250 3408 263 3432 .·
288 3403 347 3442 tu,
359 3394 528 3443 sceleste,
554 3397 679 3436 studes
696 3397 841 3437 laudem
858 3411 1020 3450 quaerere
1044 3398 1083 3435 in
1101 3398 1185 3435 vitae
1203 3409 1295 3435 meae
1312 3395 1496 3447 periculo:
1525 3396 1565 3432 in
1583 3395 1655 3445 qua
1671 3406 1710 3430 re
1738 3392 1904 3432 facienda
1922 3393 1951 3430 si
1970 3393 2060 3444 quid
2085 3394 2199 3432 etiam

156 3446 345 3488 tantillum
363 3449 546 3494 erraveris,
565 3449 610 3488 de
632 3463 692 3489 me
711 3459 839 3499 actum,
851 3453 934 3495 erit.
986 3448 1090 3494 Quid
1106 3448 1216 3488 facias
1234 3448 1327 3487 illo?
1357 3448 1425 3499 Sy.
1441 3447 1494 3485 At
1517 3449 1602 3485 vero
1619 3445 1761 3486 nullum
1779 3446 1848 3483 erit
1861 3446 2081 3498 periculum.
2124 3445 2200 3487 Cli.

156 3499 278 3550 Quid,
289 3501 388 3550 verb,
407 3513 484 3540 non
501 3501 599 3540 erit?
627 3501 859 3556 Sy.Dicam,
877 3504 909 3543 si
926 3503 1083 3555 patiaris.
1114 3502 1175 3542 Cl.
1190 3499 1367 3543 Permitte
1384 3508 1426 3539 ut
1443 3500 1553 3540 dicat·

1004 3593 1346 3663 'ANNQTATIQ

502 3704 554 3740 46
580 3699 678 3754 Ejy'us
693 3701 801 3743 armis
819 3699 962 3755 cause-1
1016 3701 1153 3751 Annis,
1171 3699 1356 3753 genitivus
1373 3709 1491 3746 casus,
1504 3695 1633 3750 priscis
1648 3702 1858 3750 usurpatus.
