2314 3944
0 375 10 423 f

990 29 1010 44 N

754 169 987 229 ACTUS
1023 174 1112 229 IV.
1184 172 1417 227 SCENA
1451 172 1545 227 IV.

143 317 218 373 cl.
251 316 489 371 Tantum
512 326 588 369 sat
622 317 831 371 habes?
850 318 971 390 quid
1008 328 1119 371 tum
1158 324 1343 387 quaeso,
1379 317 1421 369 si
1454 318 1554 369 hoc

279 399 419 460 pater
440 389 723 441 resciverit?

136 459 226 531 Sy.
250 460 406 524 Quid,
426 460 470 511 si
495 461 642 512 redeo
665 462 729 513 ad
751 461 879 527 illos,
914 460 1000 530 qui
1035 459 1192 525 aiunt,
1217 460 1337 527 quid
1360 461 1405 511 si
1427 477 1555 511 nunc

279 532 456 584 c'oelum
476 539 592 583 ruat
605 530 634 582 {e

86 611 100 614 “
143 600 222 655 Cl.
258 602 455 666 Metu0,
487 603 619 671 quid
662 621 824 672 agam.
899 602 983 672 Sy.
1027 601 1240 654 metuis?
1281 602 1420 681 quasi
1453 619 1556 653 non

278 692 337 725 ea
360 685 571 742 potestas
595 673 658 724 sit
678 686 783 738 tua,

138 743 259 802 Quo
294 746 415 796 velis
460 745 510 795 in
548 755 772 815 tempore
811 755 864 796 ut
899 754 949 796 te
987 745 1222 809 exsolvaS,
1259 761 1366 796 rem
1403 744 1554 796 facias

276 818 462 885 palam.

143 884 221 940 Cl.
259 888 392 956 Age,
419 906 528 956 age,
563 887 849 940 traducatur
882 885 1115 941 BacchiS.

243 994 250 1000 -
279 958 386 1028 ipsa
408 960 512 1010 exit
533 961 677 1012 foras,
765 991 767 993 ·

1188 885 1274 955 Sy.
1312 887 1517 956 optume
1540 906 1553 938 z

137 1067 179 1097 et
195 1056 419 1097 Bacchidem
437 1073 517 1097 esse
541 1061 695 1098 amicam
719 1058 959 1111 Clitiphonis,
977 1069 1051 1096 non
1069 1059 1154 1096 vero
1170 1066 1285 1096 tuam.
1341 1056 1400 1096 Cl.
1419 1055 1505 1107 Eja,
1523 1070 1570 1110 ag

137 1111 207 1164 Sy.
234 1111 407 1164 Optime:
437 1114 516 1165 ipsa
532 1110 688 1151 Bacchis
702 1113 812 1151 domo
829 1111 1039 1150 Chremetis
1055 1112 1240 1164 egreditur
1253 1111 1472 1164 opportune.

2078 179 2179 243 137

1610 315 1669 356 Cl.
1682 315 1847 356 Tantum
1874 326 1930 355 sat
1952 316 2066 363 habes
2083 328 2183 359 tem·

1606 371 1706 421 poris
1723 371 1768 408 ad
1807 371 1975 409 ecun'iam
1994 374 2181 423 reperien-

1606 423 1716 462 dam?
1758 384 1900 466 {nasso
1927 424 2015 473 quid
2047 425 2181 463 deinde

1606 485 1794 527 sequetur,
1834 477 1864 513 si
1899 475 2076 514 Chremes
2107 477 2181 516 1100

1608 529 1826 579 figmentum
1845 530 2075 581 perceperit?
2110 531 2186 582 Sy.

1609 579 1725 629 Quid,
1754 584 1783 620 si
1815 595 1874 619 me
1891 583 2051 620 remittis
2077 583 2122 621 ad
2139 584 2184 621 il-

1609 634 1677 679 los,
1713 636 1777 685 qui
1813 635 1965 680 dicunt3
2011 633 2116 678 Quid
2150 638 2183 675 si

1608 687 1742 725 coelum
1788 688 1930 725 labatur
1976 687 2182 727 deorsum.²

1611 739 1670 777 Cl.
1712 739 1874 784 Dubito,
1906 741 1996 791 quid
2026 740 2187 781 debeam

1607 805 1726 844 agere.
1758 793 1827 844 Sy
1843 792 2034 832 Dubitas?
2076 791 2185 837 Qua-

1607 845 1638 882 si
1670 859 1745 883 11011
1778 844 1914 884 habeas
1959 854 2183 897 potestatem

1608 896 1719 943 hanc,
1746 906 1788 935 ut
1811 907 1849 935 te
1875 898 2008 937 liberes
2033 900 2184 949 quando

1607 951 1677 992 tibi
1686 950 1832 999 libebit,
1847 960 1886 988 et
1899 951 2018 1002 palam
2033 952 2130 989 dicas
2141 962 2182 991 te

1607 1003 1700 1040 velle
1732 1002 1964 1055 Antiphilam
2011 1018 2186 1051 uxoremst

1571 1070 1606 1105 e,
1630 1054 1788 1095 Bacchis
1813 1057 1858 1095 ad
1879 1070 1946 1095 nos
1970 1057 2182 1101 deducatur.

514 1256 1107 1346 3011131111.ν
1190 1274 1601 1344 SCENA
1657 1272 1784 1343 IV.

279 1451 606 1509 BACCHIS.
663 1437 938 1506 CLINIA.
1011 1451 1258 1505 SYRUS.
1330 1452 1619 1506 DROMO.
1689 1450 2040 1506 PHRYGIA.

139 1586 245 1640 Ba.
283 1587 428 1639 SATJ'
451 1589 535 1657 pol
560 1589 783 1658 proterve
817 1606 900 1639 me
925 1587 1036 1658 Syri
1068 1586 1308 1657 promissa
1340 1586 1442 1639 huc
1479 1586 1557 1638 in-

281 1658 547 1723 duxerunt,

138 1727 339 1781 Decem
366 1730 526 1781 minas
551 1748 670 1800 quas
705 1730 834 1782 mihi
859 1731 973 1783 dare
1008 1730 1262 1800 pollicitus
1298 1739 1385 1783 est.
1423 1729 1557 1798 quod

281 1818 323 1851 31
349 1819 387 1852 13
412 1819 548 1853 1111110
570 1820 652 1854 me

137 1868 446 1940 Deceperit3
480 1891 612 1942 saepe
637 1873 898 1927 obsecrans
922 1891 1022 1938 me,
1060 1881 1118 1924 ut
1141 1872 1357 1937 veniam,
1381 1874 1558 1925 frustra

280 1955 477 1996 vemet:

140 2013 246 2065 Aut
288 2015 404 2066 cum
447 2025 707 2068 venturam
747 2011 934 2083 dixero,
975 2026 1026 2069 et
1060 2015 1362 2068 constituero
1376 2035 1392 2080 3
1438 2016 1556 2067 cum

282 2084 322 2135 is
347 2088 480 2138 certe
587 2136 592 2139 1

140 2152 501 2209 Renunciarit:
540 2157 763 2227 Clitipho
806 2159 924 2211 cnm
963 2159 1015 2211 in
1049 2177 1134 2229 spe
1170 2158 1410 2228 pendebit
1447 2157 1558 2209 ani-

283 2227 381 2291 mi3
1525 2235 1555 2280 5

142 2295 430 2366 Decipiam,
454 2317 513 2349 ac
539 2316 641 2350 non
665 2300 881 2353 veniam.
954 2301 1105 2371 Syrus
1135 2300 1266 2354 mihi
1283 2310 1424 2370 tergo
1447 2318 1559 2370 poe—

282 2386 368 2419 nas
391 2370 591 2437 pendet.

141 2436 222 2504 ¹C'l.
263 2438 384 2490 Sati'
423 2441 544 2492 scite
585 2443 831 2510 promittit
867 2444 979 2497 tibi.
1053 2444 1138 2514 Sy.
1174 2444 1314 2515 atqui
1346 2452 1402 2495 tu
1426 2444 1559 2496 hanc

277 2509 436 2579 jocari
462 2512 653 2565 credis?
1136 2579 1138 2583 v

145 2579 334 2645 Faciet,
372 2582 466 2632 nisi
491 2602 657 2636 cave0.
730 2586 832 2638 Ba.
869 2586 1155 2641 dormiunt:
1191 2587 1276 2655 pol
1310 2604 1406 2656 ego
1442 2586 1558 2638 istos

285 2656 628 2706 commovebo,

145 2721 269 2774 Mea
292 2723 521 2793 Phrygia,
542 2727 791 2791 audistin',
817 2729 967 2781 modo
999 2729 1089 2780 iste
1112 2729 1267 2781 1101110
1291 2742 1443 2798 quam
1466 2728 1558 2780 vil-

286 2796 387 2845 lam
413 2796 767 2850 demonstravit
1411 2823 1422 2833 ·

145 2862 386 2916 Charini?
429 2867 532 2918 Ph:
553 2868 737 2920 audivi.
797 2871 895 2922 Ba.
934 2889 1230 2939 proxumam
1258 2870 1380 2922 huic
1405 2870 1561 2922 fundo

283 2937 346 2987 ad
371 2937 662 2991 dexteram?
702 2941 800 2994 Ph.
829 2943 1055 2995 memini.
1497 2947 1561 2992 10

1661 1587 1735 1626 Ra.
1780 1584 1850 1624 Per
1878 1585 2068 1627 Pollucem
2096 1589 2185 1628 satis

1610 1640 1735 1691 inepte
1752 1649 1791 1678 et
1817 1640 2082 1679 inconsiderate
2098 1655 2186 1693 pro-

1610 1694 1720 1730 missa
1735 1690 1815 1743 Syri
1841 1706 1899 1731 me
1922 1692 1998 1732 huc
2014 1695 2058 1732 ad
2075 1692 2186 1734 Cliti-
2247 1705 2256 1713 ⁶

1609 1744 1771 1796 phonem
1805 1746 2040 1793 induxerunt,
2074 1761 2186 1799 prop·

1610 1806 1665 1836 ter
1684 1799 1809 1836 decem
1829 1799 1944 1836 minas
1962 1812 2050 1850 quas
2074 1799 2186 1839 Cliti-

1610 1849 1687 1902 pho
1704 1852 1870 1902 promisit
1888 1865 1926 1889 se
1957 1851 2185 1891 mihifflatu-

1610 1917 1710 1941 rum:
1740 1904 1838 1954 quod
1868 1905 1899 1950 si
1934 1902 2047 1956 Syrus
2083 1918 2184 1944 nune

1609 1955 1782 1994 fefellerit
1829 1970 1908 2002 me;
1962 1959 2040 2009 ipse
2085 1972 2185 2010 saepe

1610 2007 1702 2046 mihi
1734 2010 1942 2060 supplicans
1976 2020 2016 2049 ut
2034 2011 2079 2048 ad
2104 2011 2186 2050 Cli-

1609 2060 1801 2113 tiphonem
1843 2064 2000 2109 veniam,
2050 2064 2186 2103 frustra

1609 2115 1752 2152 veniet:
1779 2124 1843 2152 aut
1876 2124 2070 2167 postquam
2100 2129 2188 2169 pro-

1610 2181 1744 2205 misero
1787 2181 1847 2205 me
1900 2179 2105 2216 venturam,
2147 2180 2189 2209 et

1611 2228 1758 2271 tempus
1768 2221 1976 2272 praefixero;
1995 2223 2099 2272 isque
2108 2221 2189 2260 Cli-

1611 2271 1757 2324 tiphoni
1782 2274 1946 2312 retulerit
1975 2284 2117 2312 certum
2147 2276 2188 2315 id

1612 2325 1710 2363 fore:
1740 2325 1909 2377 Clitipho
1933 2327 2018 2364 vero
2049 2338 2093 2365 ut
2122 2341 2187 2365 ve-

1613 2379 1712 2416 niam
1743 2392 1904 2429 speram,
1932 2381 2019 2417 cum
2047 2393 2184 2432 anceps

1611 2432 1726 2471 animi
1740 2431 1931 2482 pendebit,
1946 2431 2066 2469 fallam
2083 2446 2186 2479 eum,

1611 2497 1680 2522 nec
1714 2485 1872 2530 veniam,
1906 2494 1951 2523 ut
1981 2486 2188 2523 constitue-

1610 2550 1687 2574 ram
1719 2538 1767 2575 ei.
1826 2536 1924 2574 Tum
1956 2537 2041 2575 verb
2073 2536 2187 2589 Syrus

1611 2590 1790 2641 persolvet
1818 2589 1909 2627 mihi
1942 2603 2068 2640 poenas
2101 2591 2186 2628 dor-

1611 2656 1652 2680 so
1683 2657 1761 2680 suo.
1820 2642 1879 2680 Cz.
1907 2640 2063 2679 Bacchis
2098 2656 2186 2694 pro-

1611 2696 1728 2732 mittit
1764 2695 1847 2739 tibi,
1884 2692 1990 2746 Syre,
2025 2696 2187 2734 3311310·

1611 2749 1694 2799 pide
1705 2764 1715 2793 ;
1746 2761 1785 2785 se
1802 2747 2030 2794 effecturam,
2049 2756 2092 2786 ut
2104 2761 2186 2799 poe-

1611 2814 1677 2838 nas
1713 2800 1804 2846 luas,
1839 2801 1869 2836 si
1910 2813 1990 2838 eam
2034 2801 2188 2853 decipis-

1611 2853 1682 2904 Sy.
1711 2851 1787 2891 Sed
1818 2853 1916 2890 certe
1933 2867 1979 2891 an
1997 2862 2039 2890 tu
2067 2855 2186 2893 credis

1614 2904 1837 2943 Bacchidem
1852 2904 1931 2944 haec
1939 2905 2026 2955 joco
2037 2905 2157 2944 dicere
2166 2907 2186 2944 ἓ

1613 2957 1739 2996 Faciet
1782 2959 1818 2996 id
1867 2958 1965 3008 quod
2011 2959 2190 3006 minatur,

1616 3013 1685 3048 nisi
1716 3010 1903 3062 providero
1934 3020 1975 3048 ut
2003 3010 2053 3048 illi
2072 3023 2187 3062 pecu·

146 3059 207 3096 nia
225 3058 446 3098 subducatur
462 3062 483 3101 a
500 3076 588 3101 sene
602 3072 741 3103 nostro.
795 3068 864 3103 Ba.
890 3065 1049 3104 Desides
1071 3072 1159 3104 sunt
1175 3073 1285 3116 atque
1303 3065 1436 3103 otiosi:
1465 3078 1535 3116 ego
1560 3064 1730 3101 excitabo
1747 3065 1834 3100 istos
1855 3063 2027 3112 (Cliniam
2050 3074 2089 3100 et
2116 3061 2188 3114 Sy-

147 3111 257 3160 rum.)
305 3111 349 3149 0
365 3110 525 3166 Phrygia
539 3129 633 3164 mea,
653 3117 852 3164 audistine,
869 3133 977 3167 quam
998 3118 1117 3155 villam
1140 3117 1292 3155 Charini
1320 3119 1390 3154 iste
1411 3117 1526 3155 homo
1544 3117 1652 3168 panib
1669 3117 1755 3153 ante
1774 3115 1958 3152 indicabat
1973 3117 1988 3151 ‚²
2019 3116 2088 3152 Ph.
2106 3114 2187 3152 Au-

143 3163 230 3201 divi.
285 3164 357 3201 Ba.
384 3165 616 3207 Audivistine
634 3183 712 3209 eam
741 3185 820 3210 csse
840 3172 994 3209 vicinam
1009 3169 1096 3208 huic
1114 3170 1252 3224 praedio
1270 3170 1494 3209 dextrorsum
1511 3171 1527 3207 Ρ
1570 3171 1640 3207 Ph.
1659 3167 1845 3207 Recordor
1863 3169 1975 3205 istum
1996 3165 2185 3206 hominem

146 3215 197 3253 ita
213 3215 490 3259 demonstrasse.

951 3382 1388 3448 ANNOTATIONES.

203 3538 219 3567 1
254 3526 436 3567 Promissa
453 3529 523 3568 huc
533 3530 780 3581 induremur]
812 3530 874 3570 Sic
894 3533 1054 3583 ‹·xplico;
1072 3532 1141 3571 Sa-

1243 3541 1267 3571 2
1296 3531 1429 3571 Decem
1457 3531 1606 3582 minas]

1675 3529 1786 3570 Mina
1829 3531 1995 3571 continet
2037 3541 2185 3572 centum

148 3583 196 3618 tis
215 3583 276 3633 pol
295 3582 461 3633 proterve
491 3594 550 3620 me
578 3582 658 3635 Syri
686 3585 864 3635 promissa
891 3586 935 3622 ad
956 3584 1141 3637 Clitipho·
1190 3585 1391 3624 drachmas.
1454 3584 1642 3624 Drachma
1677 3585 1772 3623 valet
1805 3599 1867 3623 sex
1897 3587 2037 3624 assibus
2067 3586 2186 3624 Turo-

149 3647 234 3671 nem
253 3633 325 3671 huc
344 3634 539 3679 duxerunt,
560 3635 599 3673 in
627 3636 752 3675 decem
772 3638 887 3674 minas
903 3653 912 3682 ς
942 3636 979 3674 id
1005 3647 1076 3682 est,
1095 3638 1142 3676 ad
1193 3638 1390 3676 nensibus:
1419 3638 1512 3674 valet
1532 3638 1645 3688 igitur
1662 3638 1760 3675 mina
1777 3639 1927 3690 triginta
1944 3629 2053 3675 libras
2066 3638 2186 3675 Turo-

146 3687 272 3723 decem
293 3687 408 3723 minas
436 3687 678 3739 accipiendas,
704 3702 792 3741 quas
811 3687 980 3742 Clitipho
997 3690 1140 3742 pollici·
1191 3703 1337 3736 nenses,
1353 3697 1391 3727 et
1403 3690 1530 3727 decem
1548 3690 1659 3727 minae
1674 3690 1794 3729 valent
1812 3700 1990 3731 trecentas
2006 3691 2185 3741 ejusmodi

147 3746 207 3775 tus
223 3749 278 3777 cst
291 3740 374 3778 chre
394 3738 497 3779 mihi.

1191 3742 1312 3792 libras,
1331 3742 1388 3782 vel
1407 3750 1557 3782 centum
1576 3752 1777 3782 coronatos.
