2314 3944
129 164 232 219 138

127 303 202 342 Ba.
220 299 314 340 Illuc
328 300 498 340 celeriter
512 314 616 340 curre
629 313 706 338 uno

127 368 256 403 eursu,
290 355 371 393 sine
407 355 704 393 intermissione:

127 408 238 448 miles
270 408 431 447 celebrat
462 405 707 445 Bacchanalia

125 461 226 513 apud
251 474 351 499 eum.
404 461 474 511 Sy.
502 458 606 503 Quid
624 457 707 496 haec

126 512 288 555 Bacchis
331 512 377 551 de
428 525 525 550 novo
572 512 706 564 parat?

128 569 204 607 Ba.
244 565 398 605 Nuncia
432 565 485 603 illi
522 578 582 602 me
627 578 710 603 cus-

128 621 242 660 todiri
259 618 372 658 ¹arcte
401 619 498 670 apud
532 616 711 656 Chreme-

129 682 226 719 tem,
277 681 406 709 contra
457 671 706 718 voluntatem;

128 728 258 765 verum
289 738 352 762 me
381 724 500 762 verbis
535 724 712 776 deceptu-

129 792 208 819 ram
241 778 339 824 illos,
359 779 425 827 qui·
446 776 510 815 hic
538 790 599 815 me
617 778 712 815 deti-

131 840 239 879 nent,
275 831 406 882 quovis
446 829 571 875 modo,
600 839 638 868 et
666 829 713 868 ad

130 898 220 923 eum
254 895 460 922 venturam.
527 884 596 934 Sy.
625 882 713 921 Me-

131 937 286 977 hercule
304 936 430 975 nullus
442 950 538 975 sum.
566 935 603 974 Ο
617 934 713 974 Bac-

130 989 231 1038 chis,
260 991 364 1037 siste,
395 990 499 1037 siste,
533 989 710 1027 obsecro:

133 1044 211 1095 quo
237 1045 357 1082 mittis
386 1041 612 1095 Phrygiam?
640 1041 714 1080 Ju-

132 1096 183 1135 be
215 1110 291 1134 non
322 1104 382 1134 eat
412 1097 487 1147 quo
515 1097 626 1133 missa
644 1104 714 1134 est.

134 1151 210 1189 Ba.
251 1148 424 1202 Phrygia,
461 1149 521 1186 abi
565 1149 639 1199 quo
673 1157 712 1187 te

131 1202 227 1255 jussi
254 1204 319 1241 ire.
372 1202 441 1254 Sy.
469 1200 553 1239 Imb
584 1202 713 1240 decem

134 1257 252 1295 minae
292 1263 380 1294 sunt
423 1264 568 1306 paratae.
641 1255 714 1293 Ba.

135 1307 222 1349 Imo
250 1322 320 1361 ego
355 1321 500 1346 maneo.
553 1308 622 1359 Sy.
650 1308 714 1346 sed

138 1364 238 1400 certe
268 1362 391 1400 statim
421 1362 578 1413 accipies
605 1374 716 1412 pecu-

138 1416 253 1455 niam.
293 1416 367 1452 Ba.
392 1412 716 1457 Quemadmodum

137 1476 183 1506 tu
209 1468 276 1506 vis.
329 1465 456 1505 Detur
484 1481 616 1514 necne,
642 1481 718 1505 non

135 1534 229 1560 curo
244 1519 414 1573 amplius.
454 1518 561 1558 Num
587 1533 717 1573 urgeo,

137 1582 185 1614 ut
201 1573 295 1612 des?
324 1574 395 1625 Sy.
412 1571 488 1611 Sed
515 1575 651 1621 scisne,
679 1587 718 1612 a-

137 1627 265 1675 mbo,
309 1625 398 1677 quid
439 1626 580 1666 facias?
643 1628 717 1666 Ba.

137 1678 270 1724 Quid?
314 1679 385 1732 Sy.
409 1678 570 1732 Oportet
598 1688 719 1718 trans·

139 1747 204 1772 eas
235 1746 337 1778 nunc
371 1732 417 1771 ad
452 1732 548 1771 aedes
580 1731 719 1771 Mene—

138 1787 257 1834 demi,
307 1793 347 1825 et
384 1794 471 1824 tuus
504 1786 718 1824 ancillarum

139 1841 342 1879 comitatus
396 1840 443 1877 ed
496 1839 719 1878 traducatur.

139 1893 218 1932 Ba.
242 1891 280 1931 Ο
308 1891 475 1940 sceleste,
495 1893 583 1943 quid
610 1893 720 1930 moli-

139 1947 219 1986 ris?
271 1945 341 1997 Sy.
381 1943 594 1992 Quaerisne,
629 1945 720 1997 quid

140 2012 215 2052 ego
240 1998 396 2037 moliar?
438 1996 640 2037 Pecuniam
668 1997 723 2036 fa-

139 2052 263 2098 brice,
309 2064 420 2103 quarn
459 2051 531 2089 tibi
570 2051 723 2090 tradam.

142 2106 217 2145 Ba.
245 2104 406 2143 Putasne
423 2117 484 2142 me
501 2117 579 2142 esse
597 2104 726 2142 idone-

142 2171 221 2206 am,
235 2171 348 2208 quam
363 2157 525 2195 derideas
539 2167 579 2196 et
591 2157 722 2197 fallas?

143 2211 217 2264 Sy.
243 2209 336 2250 Non
353 2211 433 2248 sine
445 2211 572 2250 caussa
589 2212 627 2249 id
639 2225 723 2263 ago.

142 2265 219 2306 Ba.
238 2263 421 2302 Habeone
445 2265 640 2315 quicquam
659 2277 726 2302 ne-

143 2318 239 2370 gotii
258 2316 322 2356 hic
345 2317 497 2355 tecum?
543 2317 613 2369 Sy.
645 2315 725 2355 Mi-

144 2372 269 2411 nime:
309 2370 372 2408 sed
401 2370 502 2408 solvo
532 2384 634 2418 mox,
651 2370 723 2410 tibi

144 2424 248 2474 quod
278 2430 336 2462 est
361 2424 595 2476 promissum.
648 2425 723 2463 Ba.

146 2475 282 2524 Eatur,
314 2477 347 2514 si
379 2477 432 2514 ita
465 2485 532 2522 est,
553 2485 596 2516 ut
618 2476 724 2515 dicis.

147 2530 219 2582 Sy.
237 2527 402 2581 Sequere
418 2542 480 2567 me
510 2528 581 2568 hac
605 2539 725 2582 parte,

146 2581 321 2621 Bacchis.
347 2580 455 2620 Heus
466 2580 625 2621 Dromo.
653 2584 726 2622 Dr.

459 158 518 213 P.
552 153 900 212 TERENTII
935 148 1865 209 HEAUTONTIMORUMENOS.

758 296 862 349 Ba.
900 295 1166 378 Curriculo
1188 311 1454 365 percurre:
1478 297 1611 366 apud
1630 316 1746 350 eum
1772 298 1920 351 miles
1940 291 2185 368 ‘Dionysia

900 385 929 418 a
967 377 1074 422 ltat.

761 439 848 510 Sy.
885 384 1026 494 Qffiid
1047 438 1308 508 inceptat?
1337 438 1440 490 Ba.
1457 437 1540 490 dic
1559 455 1642 489 me
1663 438 1750 490 hic
1768 439 1954 510 oppido
1976 457 2079 492 esse
2103 440 2187 492 in-

904 510 1078 575 vitam,
1103 520 1253 580 atque
1272 509 1536 573 asservari3

761 582 952 634 Verum
977 582 1148 651 aliquo
1171 591 1320 651 pacto
1342 583 1494 633 verba
1516 598 1601 632 me
1624 579 1702 632 his
1727 580 1951 634 daturam
1977 600 2098 647 esse,
2135 591 2188 634 et

904 663 1185 705 venturam.

765 724 852 795 Sy.
893 725 1023 777 Perii
1041 725 1228 778 hercle.
1275 724 1511 790 BacchiS,
1535 741 1698 789 mane,
1724 740 1906 776 mane:
1943 727 2043 796 quo
2067 725 2188 778 mit-

904 796 968 848 tis
992 797 1167 862 istanc,
1189 814 1358 866 quaeso
1384 797 1401 847 ?

764 869 899 922 Jube
923 879 1142 921 maneat.
1195 869 1296 920 Ba.
1334 866 1434 918 abi.
1481 865 1567 936 Sy.
1603 866 1724 936 quin
1749 876 1977 935 paratum
2001 878 2076 920 est
2108 886 2191 920 ar—

905 950 1135 1008 gentum.
1174 940 1278 992 Ba.
1307 939 1430 1008 quin
1455 956 1550 1007 ego
1575 956 1772 990 mane0.
2124 945 2187 992 15

766 1010 856 1083 Sy.
890 1011 1051 1081 Atqui
1068 1012 1178 1082 jam
1206 1011 1422 1063 dabitur.
1496 1009 1602 1062 Ba.
1639 1018 1696 1061 ut
1736 1011 1909 1076 lubet3
1943 1027 2071 1080 num
2093 1029 2191 1081 ego

907 1083 1076 1135 insto?
1118 1084 1204 1152 Sy.
1228 1093 1279 1134 at
1304 1081 1428 1133 scin'
1453 1081 1590 1150 quid,
1613 1081 1789 1133 sodes?
1921 1089 1923 1091 ’

765 1155 868 1211 Βα.
905 1154 1072 1210 Quid?
1114 1155 1199 1224 Sy.
1223 1154 1582 1206 transeundum
1619 1170 1754 1204 nunc
1779 1152 1872 1204 tibi
1909 1153 1973 1205 ad
2005 1153 2192 1206 Mene-

907 1226 1115 1278 demum
1141 1237 1230 1292 est,
1255 1234 1307 1277 et
1329 1236 1626 1294 tuapompa
1779 1231 1782 1234 '

766 1297 849 1351 Εὸ
885 1297 1190 1350 traducenda
1231 1307 1320 1348 est.
1372 1297 1475 1350 Ba.
1501 1314 1652 1366 quam
1688 1314 1796 1347 rem
1835 1295 1957 1365 agiS,
1993 1297 2191 1349 scelus?

917 1369 1006 1442 Sy.
1044 1387 1140 1438 ego
1164 1378 1429 1437 argentum
1455 1368 1603 1432 cud0‚
2040 1425 2045 1428 η

770 1440 927 1498 Quod
974 1441 1069 1492 tibi
1111 1440 1247 1491 dem.
1319 1441 1420 1491 Ba.
1479 1439 1683 1508 dignam
1720 1455 1805 1490 me
1840 1447 2003 1508 putaS,
2036 1457 2194 1510 quam

914 1512 1128 1564 illudas?
1171 1511 1260 1584 Sy.
1285 1519 1484 1570 nonest
1505 1511 1711 1562 temere,

769 1585 871 1638 Ba.
905 1583 1147 1636 Etiamne
1170 1593 1342 1635 tecum
1359 1583 1447 1634 hic
1466 1599 1541 1634 res
1566 1581 1694 1633 mihi
1711 1582 1817 1634 est?
1849 1581 1938 1655 Sy.
1955 1581 2195 1634 minime:

910 1665 1054 1707 tuum
1079 1654 1174 1713 tibi
1198 1655 1366 1707 redd0.
2127 1658 2198 1705 20

769 1726 871 1779 Ba.
907 1726 1085 1779 Eatur.
1126 1725 1215 1800 Sy.
1245 1744 1461 1796 >sequere
1493 1725 1620 1778 hac:
1658 1724 1798 1790 heuS,
1839 1724 2054 1789 Drom0‚
2090 1723 2195 1778 Dr.

912 1797 1022 1868 quis
1047 1816 1130 1850 me
1154 1799 1291 1852 volt?
1341 1798 1428 1870 S‘.y
1456 1798 1619 1867 Syrus,
1661 1797 1760 1849 Dr.
1785 1798 1905 1867 quid
1929 1807 2003 1849 est
2025 1796 2098 1849 rei
2118 1797 2136 1848 ?

775 1869 861 1943 Sy.
894 1869 1122 1923 Ancillas
1145 1887 1320 1921 omnes
1355 1869 1625 1922 Bacchidis
1649 1869 1852 1920 traduce
1889 1869 1990 1920 huc
2014 1868 2078 1920 ad
2111 1885 2198 1920 vos

952 1959 1006 1992 ro
1043 1959 1142 1994 ere.
1520 1982 1527 1987 „

774 2012 877 2066 Dr.
914 1959 1084 2069 audin
1109 2014 1174 2064 ob
1194 2013 1334 2064 rem?
1378 2012 1467 2084 Sy.
1491 2030 1556 2064 ne
1573 2029 1794 2082 quaeras:
1836 2010 2063 2075 efferant,
2083 2029 2200 2080 quae

917 2102 1090 2136 secum
1116 2085 1218 2136 huc
1239 2086 1525 2146 attulerunt.

778 2155 1010 2227 Sperabit
1033 2167 1291 2226 sumptum
1334 2156 1431 2207 sibi
1468 2172 1621 2207 senex
1656 2172 1758 2206 esse
1795 2153 2023 2205 harumc'
2060 2152 2198 2205 abitu
2259 2214 2268 2222 ·

918 2229 1155 2280 levatum.

775 2298 875 2351 Nae
897 2298 986 2350 ille
1021 2299 1161 2351 haud
1194 2298 1303 2364 scit,
1335 2299 1437 2352 hoc
1460 2299 1679 2368 paulum
1718 2297 1851 2350 lucri
1880 2305 2126 2368 quantum
2151 2295 2202 2348 ei

916 2371 1090 2423 damni
1113 2382 1359 2440 apportet.
2129 2373 2198 2419 25

775 2442 859 2495 Tu
882 2442 1044 2494 nescis
1069 2442 1121 2494 id
1147 2443 1280 2513 quod
1304 2442 1421 2510 sciS,
1447 2441 1659 2506 Dr0m0,
1683 2440 1723 2492 si
1748 2439 1926 2511 sapieS.
1961 2438 2063 2493 Dr.
2085 2455 2204 2491 mu·-

918 2523 1030 2566 tum
1055 2514 1207 2566 diceS.

148 2634 248 2679 Quis
260 2649 321 2674 me
336 2634 522 2687 appellat?
553 2636 623 2688 Sy.
638 2634 752 2688 Syrus
768 2645 806 2675 te
824 2636 913 2676 vult.
942 2638 1014 2677 Dr.
1027 2635 1126 2682 Quae
1143 2651 1202 2676 res
1219 2637 1265 2676 de
1279 2651 1373 2675 novo
1389 2636 1549 2689 obtigit?
1579 2637 1649 2688 Sy.
1660 2634 1805 2676 Traduc
1825 2637 2040 2675 festinanter
2055 2632 2144 2672 hinc
2158 2628 2205 2673 ad

148 2701 230 2735 voe,
247 2701 378 2727 omnes
392 2688 542 2726 ancillas
555 2687 763 2729 Bacchidis.
791 2691 864 2729 Dr.
883 2689 1165 2735 Quamobrem?
1194 2689 1369 2743 Sy.Noli
1387 2703 1546 2742 quaerere
1563 2703 1572 2727 t
1601 2699 1639 2728 et
1655 2691 1745 2742 ipsae
1763 2690 1906 2729 aucilloe
1924 2701 2048 2727 secum
2074 2698 2203 2738 expor-

149 2749 248 2788 tent,
264 2753 496 2792 quaecunque
514 2741 590 2781 huc
602 2753 890 2795 asportaverunt.
943 2743 1122 2784 Chremes
1141 2744 1304 2798 sperabit
1317 2745 1499 2796 impensas
1514 2743 1584 2780 sibi
1596 2756 1674 2781 esse
1690 2743 1888 2781 diminutas
1900 2740 2032 2780 harum
2043 2740 2203 2778 discessu

150 2793 469 2840 muliercularum3
499 2796 599 2834 certe
625 2809 739 2835 senex
765 2796 943 2835 Chremes
966 2798 1126 2850 ignorat,
1144 2806 1325 2849 quantum
1353 2797 1477 2835 damni
1504 2795 1576 2834 hoc
1602 2796 1752 2848 paulum
1771 2796 1864 2834 lucri>
1880 2794 2005 2833 afferat
2024 2793 2073 2830 ei.
2091 2810 2113 2815 -·
2126 2789 2203 2838 Tu,

151 2845 314 2893 Dromo,
332 2848 430 2898 quod
446 2848 532 2938 sc'ffi,
547 2849 808 2898 dissimulabis,
816 2852 925 2903 'quasi
943 2852 1096 2899 nescias,
1114 2865 1146 2890 si
1161 2851 1345 2903 sapienter
1361 2851 1415 2889 vis
1431 2862 1551 2903 agere.
1578 2849 1652 2888 Dr.
1669 2848 1775 2888 Adeo
1789 2850 1965 2891 taciturus
1982 2859 2026 2884 ea
2047 2857 2144 2893 sum,
2162 2853 2206 2883 ut

154 2908 303 2940 mutum
317 2913 377 2938 me
390 2913 470 2938 esse
526 2914 598 2940 cas.

919 3059 925 3078 ¹
962 3047 1321 3087 ANNOTATION
1325 3048 1403 3087 Es.

208 3160 258 3192 2⁵
288 3152 362 3191 Noe
386 3152 478 3203 illa]
535 3150 730 3204 Significat
755 3151 783 3192 S
853 3168 870 3191 s
897 3167 1022 3192 senem
1041 3153 1157 3192 Chre·
1208 3155 1315 3192 acute
1333 3154 1481 3199 dicitur,
1513 3152 1611 3203 quod
1640 3152 1742 3190 fatue
1768 3151 1950 3203 prolatum
1979 3148 2137 3196 videtur,
2155 3149 2206 3187 sie

155 3215 293 3244 metem
324 3205 467 3244 facilius
495 3207 659 3257 potuisse
684 3205 781 3244 Bacc
811 3207 906 3245 idem
934 3207 1158 3259 aliquamdiu
1208 3205 1339 3244 Cicero
1359 3208 1395 3244 in
1425 3206 1567 3244 Bruto:
1597 3205 1816 3254 Eloquentia
1846 3204 1943 3255 Loqui
1962 3202 2143 3249 dedidicit,
2169 3210 2209 3240 et

156 3258 268 3305 alere,
283 3258 395 3309 quam
414 3259 542 3296 decem
561 3259 670 3296 minis
688 3259 904 3297 defraudari.
1210 3259 1406 3307 Horatius,
1423 3259 1504 3296 Ode
1524 3266 1587 3296 35.
1608 3258 1673 3296 lib.
1694 3266 1726 3295 1.

211 3317 261 3349 26
290 3312 345 3348 Tu
361 3313 475 3350 nescis
492 3312 544 3358 id,
559 3312 654 3362 quod
671 3313 767 3363 scis.]
826 3310 889 3350 Sic
907 3311 1104 3350 Terentius
1118 3312 1155 3349 in

157 3362 364 3402 Eunucho:
395 3365 450 3403 Tu
463 3365 537 3417 pol,
564 3366 597 3402 si
613 3366 723 3416 εαρίε,
739 3366 833 3414 quad
860 3366 942 3411 δαῖς,
957 3365 1084 3409 nescis,
1101 3373 1159 3402 est

157 3417 274 3465 figura
302 3418 398 3454 dicta
424 3417 556 3456 Graece
586 3416 780 3469 ὄξύμωρον.
832 3417 1045 3470 Composita
1076 3415 1158 3454 haec

156 3478 229 3508 vox
249 3482 294 3509 ex
312 3468 398 3519 ὀξὺς
423 3480 568 3518 acutuS,
595 3480 634 3509 et
661 3470 791 3526 μωρὸς,
819 3470 954 3511 fatuus.
1006 3468 1157 3522 Nempe

1367 3363 1588 3402 Insanientis
1606 3365 1694 3401 dum
1707 3362 1897 3417 sapienciae

1268 3417 1464 3458 consultus
1481 3429 1677 3456 erro.—
