2314 3944
555 476 966 550 ACTUS
1038 479 1128 548 11.

216 657 223 679 l

219 809 289 849 De.
315 804 376 849 En'
402 821 566 861 unquam
594 808 732 847 vidistis

160 862 280 903 ullum
290 860 483 901 hominem
496 861 623 913 majori
636 862 732 912 inju-

162 916 219 955 ria
253 913 424 954 affectum
454 913 582 962 fuisse,
622 916 734 966 quam

159 981 233 1060 {5⁰
247 967 736 1060 „303133431233333

159 1073 231 1114 Ph.
259 1071 366 1118 Quin
390 1035 580 1121 taces‚pst.
646 1072 735 1113 Jam

159 1138 233 1180 ego
249 1125 350 1167 hunc
377 1128 552 1166 acerrime
569 1140 736 1167 commo-

159 1179 266 1219 vebo.
319 1177 420 1219 Proh
445 1180 557 1220 deum
584 1182 736 1220 immor·

158 1233 291 1272 talium
316 1232 450 1272 fidem!
473 1242 582 1286 neg-at
598 1231 736 1272 Phani-

160 1298 228 1324 um
245 1299 323 1324 esse
342 1284 438 1325 hanc
452 1287 524 1325 sibi
542 1295 736 1340 cognatam

158 1337 384 1392 Demipho?
420 1338 517 1378 hauc
544 1337 737 1393 Demipho

84 1421 86 1425 s
159 1401 275 1443 negat
298 1405 377 1431 esse
395 1393 617 1444 cognatam?
667 1392 737 1431 Ge.

160 1442 300 1497 Negat.
353 1445 425 1484 Ph.
452 1443 576 1497 Seque
595 1446 736 1485 nescire

161 1497 474 1604 gaqubilefghairige
487 1499 705 1590 eggisrePaoer
717 1499 734 1537 ἓ

157 1663 250 1704 tror,
258 1656 304 1695 de
315 1670 389 1708 quo
399 1671 520 1696 sermo
530 1656 624 1697 mihi
636 1667 712 1697 erat
724 1671 735 1695 τ

161 1711 374 1762 sequimini.
411 1711 483 1749 1³12.
502 1709 628 1763 Negat
644 1725 737 1764 quo-

159 1774 234 1815 que
274 1777 312 1802 se
340 1761 577 1815 Stilphonem
613 1766 736 1817 ipsum

158 1817 400 1869 cognovisse?
424 1816 494 1855 Ge.
505 1815 645 1870 Negat.
662 1819 735 1857 Ph.

159 1867 262 1912 Quia
295 1870 399 1922 'virgo
435 1871 578 1918 misera,
627 1872 735 1923 inops

159 1921 291 1962 relicta
310 1931 381 1970 est,
408 1931 513 1976 pater
531 1923 609 1974 ejus
626 1924 735 1976 igno-

159 1977 233 2015 rari
265 1975 419 2039 fingitur
431 1992 443 2023 ;
483 1977 735 2016 contemnitur

160 2028 263 2082 ipsa:
306 2027 388 2082 vide
415 2029 504 2080 quid
535 2043 611 2068 non
637 2031 739 2122 εέζίῐ

160 2078 333 2123 homines
348 2083 499 2121 avaritia
514 2081 646 2122 iacere.
707 2097 738 2122 e.

160 2132 205 2173 Si
241 2133 376 2174 herum
418 2133 511 2174 falso
551 2135 737 2176 incusabis

159 2188 334 2236 avaritiae,
389 2189 631 2233 calumniator
700 2198 739 2228 et

116 2277 118 2282 ,
161 2239 378 2293 falsiloquus
393 2242 648 2281 aestimaberis.
666 2243 737 2282 De.

161 2292 200 2331 0
236 2294 495 2333 confidentiam
524 2296 737 2348 ingentem!

163 2347 275 2387 etiam
303 2347 472 2386 consulto
499 2362 560 2386 me
587 2362 737 2388 accusa-

163 2407 266 2439 turus
320 2397 395 2441 huc
453 2402 581 2441 venit?
665 2403 734 2442 Ph.

163 2449 265 2491 Nam
302 2453 381 2504 jam
422 2453 560 2493 nullam
588 2467 735 2495 causam

159 2501 284 2544 habeo
329 2519 394 2545 cur
437 2509 571 2546 irascar
614 2509 738 2549 adole-

163 2560 280 2597 menti
310 2558 538 2612 Antiphoni,
579 2562 611 2600 si
645 2560 738 2602 Stil·-

162 2609 329 2665 'phonem
358 2611 490 2652 Phanii
511 2624 655 2666 patrem
674 2630 738 2668 pa·

161 2665 246 2703 rum
282 2669 514 2718 cognoverit:
560 2658 736 2720 quoniam

155 2715 237 2768 jam
265 2719 326 2756 ille
354 2728 463 2758 aetate
492 2722 666 2773 grandior
698 2736 737 2761 e—

159 2779 233 2818 rat,
261 2771 372 2822 quam
391 2784 434 2811 ut
450 2772 663 2826 Antiphoni
681 2786 738 2816 sat

163 2832 276 2863 notus
306 2838 384 2862 esse
411 2836 557 2878 posset:
585 2841 739 2881 pauper,

162 2877 228 2928 qui
247 2876 370 2915 labore
389 2881 540 2926 rustIco,
568 2889 680 2932 atque
698 2895 739 2920 o-

161 2930 254 2982 pera
269 2931 411 2969 victum
428 2932 630 2982 quaerebat,
661 2937 738 2975 ruri

162 2983 262 3034 pene
279 2996 425 3035 semper
443 2983 653 3024 habitabat:
683 2988 736 3026 ibi

163 3048 292 3088 agrum
317 3037 340 3075 ὸ,
367 3045 493 3076 nostro
519 3048 624 3090 patre
649 3053 737 3079 con-

163 3087 318 3127 du’ctum
346 3090 493 3129 arabat:
522 3104 621 3143 soepe
640 3093 738 3131 inte-

162 3154 226 3179 rea
253 3140 346 3180 mihi
373 3157 488 3181 senex
514 3143 578 3183 ille
605 3145 737 3184 refere-

162 3193 243 3241 bat,
304 3193 405 3234 hunc
456 3195 737 3249 Demiphonem

162 3256 363 3299 cognatum
390 3261 498 3287 suum
527 3250 648 3302 ipsum
675 3252 738 3290 de-

163 3301 306 3351 spicere
351 3314 392 3338 ac
430 3315 615 3355 spernere.
684 3304 739 3344 At

160 3365 273 3402 quem
288 3354 436 3393 virum?
465 3358 632 3396 omnium
645 3371 739 3408 quos

163 3404 332 3453 viderim,
386 3408 461 3451 vita
495 3417 533 3447 et
572 3411 738 3450 moribus

163 3459 364 3508 optimum.
437 3459 506 3501 G'e.
534 3460 630 3502 Haec
655 3477 738 3516 quas

1134 183 1241 234 218
1327 193 1330 195 “

1224 478 1800 568 seENAIL

641 670 1010 727 DEMIPHO.
1081 673 1294 728 GETA.
1365 675 1733 733 PHORMIO.

783 808 886 863 De.
923 805 1013 862 EN
1037 826 1262 878 unquam
1288 809 1524 880 cuiquam
1550 813 1960 870 contumeliosius

785 879 1008 933 Audistis
1036 881 1219 934 factam
1244 881 1497 952 injuriam,
1523 886 1675 954 quam
1700 884 1812 937 haec
1837 896 1912 949 est
1934 887 2093 947 mihi?

785 951 976 1006 Adeste
1001 969 1187 1022 quaeSO.
1262 954 1358 1008 Ge.
1394 953 1546 1007 iratus
1580 965 1671 1010 est.
1742 957 1844 1011 Ph.
1880 960 2006 1029 quin
2026 970 2085 1017 tu
2105 963 2203 1018 boe

929 1041 1040 1092 age,
1063 1036 1121 1076 st.

786 1093 908 1147 Jam
932 1112 1030 1162 ego
1053 1094 1194 1148 hunc
1217 1094 1433 1164 agitabo,
1467 1099 1559 1167 pro
1581 1098 1737 1155 deum
1763 1100 2159 1159 immortalium!

787 1164 957 1234 Negat
974 1165 1223 1219 Phanium
1245 1184 1348 1218 esse
1366 1168 1495 1220 hanc
1510 1170 1606 1222 sibi
1626 1182 1892 1240 cognatam
1911 1173 2205 1246 Demipho?

790 1236 945 1292 Hanc
959 1236 1221 1307 Demipho
1238 1249 1390 1306 negat
1408 1237 1510 1292 esse
1531 1245 1824 1310 cognatam?
1857 1245 1949 1298 Ge.
1969 1257 2138 1316 negat.
2170 1252 2207 1301 6

788 1308 891 1361 De.
913 1307 1087 1377 Ipsum
1107 1327 1210 1360 esse
1231 1310 1424 1379 opinor,
1449 1312 1511 1364 de
1534 1331 1635 1382 quo
1652 1315 1894 1383 agebam:
1919 1317 2210 1386 sequimini.

790 1379 900 1433 Ph.
936 1379 1119 1450 Neque
1150 1379 1255 1451 ejus
1286 1392 1480 1451 patrem
1516 1402 1568 1436 se
1601 1385 1728 1442 scire
1765 1387 1853 1458 qui
1884 1388 2069 1447 fuerit?
2112 1390 2206 1445 Ge.

932 1461 1098 1521 negat.

670 1553 737 1590 De.
790 1524 843 1577 P
844 1523 894 1578 h.
929 1522 1043 1576 Nec
1068 1523 1391 1593 Stilphonem
1417 1525 1581 1596 ipsum
1604 1528 1732 1589 scire
1756 1529 1846 1600 qui
1869 1513 2054 1585 fuerit?
2113 1531 2208 1591 Ge.

161 1600 278 1643 Hunc
309 1602 500 1643 hominem
530 1618 610 1643 esse
641 1605 746 1644 arbi-'

971 1613 996 1646 e
1034 1604 1101 1647 at.
1154 1620 1158 1622 “
1804 1641 1806 1643 ,

788 1665 895 1720 Ph.
933 1613 1076 1723 agia
1107 1683 1258 1737 egens
1282 1667 1455 1720 relicta
1475 1668 1552 1721 *est
1575 1670 1772 1738 misera,
1807 1658 2102 1748 ignorapstur
2121 1689 2212 1746 pao

930 1754 1078 1803 rens;

786 1807 1079 1877 Negligitur
1102 1809 1209 1879 ipsa
1229 1831 1242 1862 ε
1278 1811 1408 1875 vide,
1423 1806 1652 1866 avaritia
1674 1815 1796 1883 quid
1803 1815 1962 1882 facit.
2147 1751 2211 1801 lo
2234 1848 2239 1850 -

791 1880 885 1932 Ge.
924 1879 981 1931 Si
1006 1880 1186 1932 herum
1212 1881 1524 1935 insimulabis
1548 1886 1784 1951 avaritiae,
1810 1889 1943 1940 male
1961 1887 2152 1944 audies.

786 1950 889 2004 De.
927 1950 976 2001 Ο
1001 1951 1296 2004 audaciam!
1335 1952 1489 2006 etiam
1527 1973 1611 2008 me
1643 1959 1777 2009 ultro
1808 1968 2098 2036 accusatum
2120 1958 2208 2013 ad-

932 2039 991 2073 ve
1032 2022 1044 2034 ⁹
1084 2023 1103 2074 ἓ

791 2091 896 2148 Ph.
933 2033 1071 2146 Νέἒῐξ
1100 2094 1214 2166 jam
1249 2094 1555 2153 adolescenti
1587 2097 1714 2153 nihil
1742 2108 1818 2152 est
1841 2101 1979 2173 quod
1995 2118 2209 2159 succen-

933 2183 1087 2230 seam,
2074 2207 2075 2210 η

792 2236 851 2290 Si
875 2234 1021 2289 illum
1048 2236 1214 2290 minus
1240 2237 1408 2299 norat:
1447 2240 1633 2311 quippe
1655 2241 1813 2296 homo
1827 2239 1937 2313 jam
1959 2242 2214 2314 grandior,

792 2308 1006 2379 Pauper,
1031 2309 1115 2361 eui
1139 2327 1290 2380 opera
1313 2309 1418 2362 vita
1439 2322 1560 2378 erat,
1585 2314 1686 2366 ruri
1708 2316 1812 2367 fere
1987 2370 1989 2372 ,
2026 2347 2029 2351 ·
2146 2321 2213 2373 16

792 2379 859 2432 Se
885 2380 1205 2434 continebat:
1244 2381 1315 2432 ibi
1339 2400 1515 2452 agrum
1541 2383 1603 2436 de
1629 2396 1796 2438 nostro
1819 2395 1960 2456 patre

791 2451 1077 2507 Colendum
1101 2453 1348 2509 habebat:
1387 2469 1521 2524 saepe
1554 2455 1744 2510 interea
1768 2458 1896 2512 mihi
1918 2474 2073 2515 senex

790 2523 1052 2589 Narrabat,
1091 2542 1143 2576 se
1165 2525 1304 2577 hunc
1330 2527 1587 2596 negligere
1612 2541 1885 2598 cognatum
1907 2548 2074 2586 sumn.

790 2597 861 2648 At
898 2613 1052 2665 quem
1086 2596 1287 2650 virum?
1329 2613 1481 2669 quem
1507 2617 1602 2669 ego
1624 2601 1838 2656 viderim
1861 2602 1917 2665 in
1939 2601 2044 2656 vit&
2065 2611 2215 2672 optu-

933 2686 1097 2720 mum.
2142 2678 2215 2726 20

794 2739 888 2793 Ge.
923 2739 1107 2792 Videas
1131 2748 1199 2805 te,
1223 2749 1372 2811 atque
1397 2741 1564 2808 illum,
1586 2754 1644 2796 ut
1668 2761 1849 2797 narras,
1923 2745 2023 2797 Ph.
2050 2744 2133 2797 abi
2156 2743 2214 2798 in

935 2814 1123 2863 malam
1149 2830 1352 2865 erucem
1371 2833 1387 2878 3

790 2881 927 2936 Nam
954 2882 1010 2934 ni
1034 2882 1104 2936 ita
1126 2901 1243 2938 eum
1268 2884 1667 2952 existumassem,
1690 2901 1950 2958 nunquam
1973 2894 2079 2939 tam
2096 2901 2212 2956 gra·
2284 2887 2291 2894 ’

933 2971 1036 3006 veis

790 3026 875 3077 Ob
922 3025 1054 3078 hane
1098 3026 1388 3081 inimicitias
1436 3047 1669 3099 caperem
1714 3029 1769 3081 in
1804 3037 2022 3080 vostram
2058 3025 2209 3080 fami·

932 3096 1055 3150 liam

793 3166 964 3222 Quam
990 3167 1030 3219 is
1054 3136 1344 3238 aspernatur
1368 3189 1503 3222 nunc
1528 3179 1634 3222 tam
1659 3170 1984 3236 illiberaliter.

794 3238 889 3290 Ge.
913 3238 1113 3307 Pergin’
1137 3241 1258 3293 hero
1282 3241 1475 3293 absenti
1499 3243 1634 3294 male
1658 3241 1815 3312 loqui,
1837 3241 2210 3314 impurissime?

791 3308 898 3364 Ph.
923 3309 1159 3379 Dignum
1182 3321 1353 3364 autem
1378 3312 1477 3370 hoc
1502 3312 1597 3367 illo
1613 3322 1704 3367 est.
1747 3314 1841 3368 Ge.
1865 3313 1967 3367 ain'
1989 3313 2214 3377 tandem,

932 3383 1135 3434 carcer?
1209 3382 1311 3437 De.
1340 3383 1486 3438 Geta.
2143 3387 2214 3437 26

164 3508 212 3547 de
229 3517 267 3547 te
283 3521 321 3549 et
336 3511 402 3550 illo
417 3526 552 3563 narras,
571 3515 642 3554 tibi
660 3518 736 3556 sint
753 3528 872 3566 ουτως
901 3518 993 3571 quid
1009 3519 1055 3559 ad
1072 3520 1168 3559 nos?
1215 3519 1287 3560 Ph.
1304 3520 1379 3560 Abi
1397 3522 1436 3562 in
1454 3523 1588 3562 malam
1606 3534 1774 3562 crucem:
1803 3535 1889 3564 nam
1907 3523 1980 3562 nisi
1995 3522 2108 3562 talem
2126 3532 2214 3562 eum

164 3563 360 3602 sensissem
374 3578 469 3614 esse,
488 3580 679 3620 nunquam
697 3577 773 3610 taxa
790 3571 962 3611 molestas
977 3573 1188 3613 inimicitias
1207 3581 1336 3613 contra
1352 3573 1529 3616 familiam
1543 3577 1715 3624 vestram,⁴
1731 3589 1842 3628 quam
1860 3577 1891 3615 is
1906 3573 2099 3628 Demipho
2111 3586 2213 3614 nunc

165 3622 244 3654 tam
262 3616 325 3654 vili
344 3616 444 3666 facit,
463 3622 720 3674 suscepissem.
776 3623 846 3663 Ge.
873 3622 1134 3666 Perseverasne
1150 3625 1244 3666 hero
1260 3626 1491 3680 Demiphoni
1507 3629 1651 3669 absenti
1670 3628 1905 3676 maledicere,
1927 3625 2211 3668 scelestissime?

164 3666 237 3706 Ph.
263 3666 337 3706 His
355 3671 555 3712 maledictis
573 3674 636 3715 ille
653 3675 788 3728 dignus
805 3685 875 3716 est.
930 3678 1000 3720 Ge.
1024 3679 1142 3722 Alme
1169 3679 1272 3723 illum
1291 3679 1351 3723 hit
1374 3681 1528 3736 dignum
1545 3695 1625 3724 esse
1642 3682 1862 3733 maledictis,
1877 3683 1903 3725 0
1918 3678 2047 3731 home,
2070 3691 2213 3722 “⁸⁰⁸oe

164 3729 347 3774 perpetuo
363 3723 608 3777 dignissime?
663 3728 737 3771 De.
751 3728 864 3771 Geta.
