2314 3944
149 138 252 188 192

140 275 350 329 ingenium,
377 282 416 314 et
445 274 609 314 nobilem
638 274 717 314 ani·

144 341 272 367 mum:
300 329 536 378 quamobrem
555 327 718 378 quando·

144 394 292 433 cunque
309 380 472 426 libuerit,
491 394 554 418 eos
576 381 614 417 in
639 392 717 417 ree·

145 444 220 472 tam
263 434 348 473 vitae
400 435 496 471 viam
544 433 716 470 reducere

143 487 296 539 poteris.
323 485 461 524 Verum
479 485 611 529 metuis
642 482 716 522 for-

145 549 243 577 tasse
274 552 322 576 ne
364 539 415 576 rei
450 536 620 576 familiari
650 549 715 574 au-

142 591 275 643 gendae
309 591 431 628 minus
466 588 650 626 studeant.r
689 591 715 628 ὁ

126 654 273 684 ,noster
292 641 450 687 Demea,
474 641 519 679 ad
536 642 660 679 omnia
677 653 717 679 a·

144 697 195 735 lia
222 703 331 733 oetate
360 693 550 746 peritiores
579 693 714 740 simu33

142 750 270 787 verum
293 755 462 784 senectus
487 744 560 784 hoe
585 746 716 785 vitium

145 800 292 839 inducit
326 800 366 837 in
403 797 596 845 hominen
633 798 718 850 plus

142 853 263 891 multo
284 851 505 903 quamsatis
524 861 580 889 est
597 851 643 889 de
662 850 720 889 di-

142 905 240 944 vitiis
269 904 541 943 accumulandi·
575 903 716 942 labora-

140 971 247 996 mus:
274 957 320 995 ad
343 955 442 1009 quod
470 956 551 995 illos
567 954 650 994 haec
665 970 717 995 ε-

136 1021 197 1049 tas
232 1010 358 1048 senilis
397 1010 486 1048 satis
515 1008 716 1061 instigabit.

146 1063 218 1102 De.
235 1062 448 1101 Cavendum
475 1071 533 1100 est
559 1075 608 1100 ne
634 1071 718 1114 spe·

145 1117 256 1154 eiosae
279 1116 363 1154 istoe
387 1124 463 1153 tuae
484 1115 659 1161 rationes,
677 1123 718 1154 et

143 1178 232 1207 tuus
253 1169 325 1206 iste
351 1169 452 1206 mitia
475 1177 514 1206 et
537 1167 652 1206 facilis
677 1181 718 1206 a-

145 1222 270 1260 nimus
293 1234 360 1259 nos
375 1221 544 1271 perdant,
567 1229 608 1259 et
622 1219 716 1274 filios

143 1284 300 1312 nostros·
368 1274 447 1312 Mi.
480 1271 544 1311 Ne
576 1271 716 1320 metue,

143 1325 217 1366 hoc
229 1324 308 1365 ‘non
314 1325 495 1378 adveniet.
509 1325 638 1364 omitte
648 1325 719 1364 ista

144 1379 256 1418 verba
276 1378 360 1417 mali
380 1379 534 1417 ominis:
614 1379 720 1418 rmit-

132 1440 185 1477 ,te
197 1442 240 1470 ut
254 1433 304 1470 sis
315 1430 424 1470 hodie
434 1432 483 1469 in
497 1444 557 1469 me
593 1441 719 1483 potes-

145 1492 244 1523 tate:
270 1484 410 1537 explica
424 1483 594 1522 frontem.
648 1483 721 1522 De.

145 1535 337 1576 Nimirum
345 1547 492 1588 tempus
503 1536 538 1575 id
550 1537 701 1587 requirit
710 1552 721 1583 ;

137 1589 356 1631 ‚faciendum
399 1597 469 1636 est,
515 1589 615 1640 quod
646 1590 719 1628 vist

143 1643 272 1682 verum
290 1644 377 1682 cum
393 1643 554 1695 primum
567 1641 646 1680 dies
662 1642 723 1681 lu·-

143 1695 259 1742 eebit,
295 1708 372 1734 cras
405 1694 495 1734 hine
524 1693 719 1734 discedam.

146 1749 222 1788 Mi.
254 1746 337 1786 Imo
353 1747 399 1786 de
424 1756 534 1786 nocte
556 1760 718 1799 quoque,

141 1802 175 1839 si
193 1799 304 1846 1ibet;
330 1799 530 1839 dummodo
544 1798 646 1839 hune
658 1800 720 1850 di-

145 1866 208 1892 em
233 1852 398 1892 hilariter
421 1853 617 1903 tmmigesr-
646 1848 720 1892 De.

146 1905 200 1945 Et
216 1907 322 1945 istam
353 1919 405 1958 qu
453 1918 502 1944 ue
531 1896 719 1944 fidicinam

143 1971 292 1998 meeum
310 1957 400 1998 hinc
415 1971 438 1997 a
486 1970 605 1997 neam.
642 1958 718 1997 Mi.

144 2008 363 2051 Praeclaram
379 2024 460 2051 rem
476 2010 618 2051 feceris.
660 2009 721 2050 It'a

143 2061 223 2104 illic
249 2063 369 2103 filium
398 2063 579 2103 addixeris
607 2066 733 2154 influe
750 2088 823 2171 RN

659 2129 719 2156 am
825 2137 857 2170 u

145 2116 324 2156 affixeris:
350 2117 416 2156 sed
438 2117 523 2156 'vide
547 2124 592 2155 ut
617 2115 643 2155 il

144 2168 308 2218 studiose
323 2182 527 2208 conserves.
555 2169 628 2208 De.
639 2167 720 2208 Da-

146 2221 359 2275 booperam
377 2231 420 2261 ut
437 2221 536 2261 istud
552 2221 636 2260 fian
665 2219 721 2260 ef·

147 2275 271 2314 ficiam
314 2285 358 2314 ut
399 2273 492 2323 illic,
538 2274 578 2312 in
621 2274 719 2322 villa,

147 2327 294 2376 favillis,
324 2326 461 2375 isuaia,
493 2339 536 2366 ac
569 2327 721 2389 pulvere

145 2379 277 2426 farina
305 2379 545 2420 subtilissimo
569 2379 723 2433 implea-

144 2440 209 2472 tur
226 2432 434 2486 coquendo,
455 2446 500 2472 ac
525 2432 719 2472 molendoz

175 2495 327 2525 mter-ea
369 2486 512 2525 ardenti
557 2485 723 2525 meridiei

175 2538 238 2578 ora
261 2538 342 2592 ipsa
364 2551 445 2577 eam
462 2538 607 2578 mittam
627 2539 667 2577 in
683 2551 723 2576 a·

147 2603 272 2680 ἧμαι,
306 2600 352 2630 ut
380 2590 534 2643 stipulas
563 2590 722 2644 colligat.

185 2656 244 2682 am

748 133 812 187 P.
854 130 1202 187 TERENTII
1237 130 1579 188 ADELPHI.

768 272 1070 341 Ingenium:
1107 281 1259 341 atque
1281 272 1526 337 animum,
1545 275 1717 344 quovis
1736 275 1847 329 illos
1869 286 1924 329 tu
1945 277 2026 328 die

769 343 1016 396 Reducas,
1034 353 1086 394 at
1110 344 1247 394 enim
1266 353 1475 407 metuaS,
1500 361 1564 395 ne
1587 347 1649 396 ab
1674 364 1726 398 re
1748 349 1848 400 sint
1871 359 2045 400 tamen

770 414 1067 466 Omissiores
1090 415 1259 482 paulo.
1283 415 1314 464 ὁ
1339 424 1505 465 noster
1518 412 1738 481 Demea,

767 486 850 538 Ad
869 484 1043 537 omnia
1061 485 1159 536 alia
1181 492 1330 536 aetate
1353 485 1573 554 sapimus
1596 486 1807 541 rectiuS:

769 556 942 608 Solum
965 573 1119 607 unum
1153 556 1242 607 hoc
1264 555 1441 607 vitium
1464 555 1632 622 adfert
1653 567 1873 610 senectus
1896 559 2188 628 hominibus,

766 626 1068 679 Attentiores
1089 643 1260 678 sumus
1283 627 1352 677 ad
1374 644 1480 678 rem
1500 644 1681 691 omnm,
1706 625 1856 696 qmim
1877 640 1959 682 sat
1981 639 2055 683 est
2070 651 2087 682 .·

770 697 925 753 Quod
942 697 1054 749 illos
1075 707 1150 748 sat
1169 707 1287 749 aetas
1306 696 1467 750 acuet.
1541 697 1645 750 De.
1681 716 1747 750 ne
1765 699 1982 753 'nimium
2001 702 2154 755 modo

769 768 932 821 Bonae
953 778 1057 820 tuae
1082 768 1190 820 istae
1210 786 1299 820 nos
1322 768 1554 833 ratione5‚
1574 768 1746 834 Mitio,
2115 779 2186 825 50

770 839 843 892 Et
864 848 979 891 tuus
1005 839 1095 891 iste
1118 839 1316 893 animus
1341 857 1515 909 aequus
1538 841 1808 893 subvortat.
1877 842 1980 896 Μ.
2000 851 2128 909 tace,

766 909 887 962 Non
910 909 1014 976 fiet,
1033 909 1179 962 mitte
1195 909 1305 981 jam
1329 909 1497 964 istaec:
1536 910 1600 962 da
1619 920 1671 961 te
1693 911 1846 963 hodie
1869 911 2033 968 mihiz‘

767 980 1006 1051 Exporge
1029 983 1263 1034 frontem.
1335 981 1438 1035 De.
1461 980 1671 1046 scilicet,
1695 981 1765 1034 ita
1788 993 1987 1052 tempus
2009 984 2120 1050 fert,
2160 1024 2161 1027 ,

768 1051 1080 1105 Faciendum
1106 1062 1179 1104 est
1199 1074 1212 1105 ε
1251 1054 1489 1104 caeterum
1509 1070 1590 1104 rus
1610 1070 1714 1104 cras
1734 1072 1852 1105 eum
1871 1053 1978 1107 filio
2046 1068 2050 1071 ·

771 1122 904 1176 Cum
946 1122 1111 1194 primo
1156 1125 1276 1176 lucu
1318 1122 1401 1176 ibo
1435 1123 1576 1176 hinc.
1662 1124 1764 1179 Mi.
1801 1125 1906 1177 imo
1941 1125 2004 1178 de
2039 1137 2189 1179 nocte

2113 424 2181 471 45

771 1211 1128 1347 Hodigejtmsgdo
1161 1265 1372 1319 hilarem
1402 1274 1453 1317 te
1477 1267 1601 1318 face.
1671 1265 1775 1319 De.
1811 1276 1862 1318 et
1886 1266 2031 1320 istam
2055 1202 2188 1346 &³⁵¹5
2216 1336 2223 1345 ,

771 1408 892 1461 Una
909 1345 1059 1490 tilii-iii
1089 1424 1293 1460 mecum
1327 1407 1450 1460 hine
1485 1407 1784 1483 abstraham.
1855 1407 1961 1462 Mi.
1995 1427 2188 1480 pugna-

911 1496 1055 1531 veris.

770 1549 852 1602 Eo
874 1560 1023 1620 pacto
1044 1568 1241 1632 prorsus
1264 1549 1340 1602 illi
1364 1549 1581 1618 alligaris
1604 1549 1801 1604 filium:

771 1621 934 1675 Modo
958 1622 1115 1674 ‘facito
1138 1631 1195 1673 ut
1216 1621 1358 1674 illam
1383 1639 1563 1676 serves·
1640 1619 1745 1675 De.
1781 1638 1880 1691 ego
1901 1620 2030 1675 istuc
2051 1621 2190 1674 vide-

911 1709 999 1746 ro:
1034 1703 1087 1744 at
1122 1710 1185 1744 ue
2160 1714 2167 1719 ·

769 1762 855 1816 Illi
877 1763 1060 1816 favillae
1083 1710 1250 1834 glemu,
1276 1763 1419 1829 fumi,
1438 1782 1498 1816 ac
1515 1762 1718 1833 pollinis

772 1835 1050 1903 Coquendo
1073 1835 1137 1886 sit
1158 1836 1290 1899 saxu,
1315 1845 1367 1887 et
1389 1835 1657 1888 molendo:
1693 1845 1875 1904 praeter
1895 1834 2027 1901 haee,

771 1904 990 1958 Meridie
1009 1905 1132 1975 ipso,
1155 1905 1337 1958 faciam
1361 1916 1418 1958 ut
1440 1907 1678 1975 stipulam
1699 1907 1921 1976 colligat.

769 1976 901 2030 Tam
934 1985 1194 2034 excoctam
1227 1976 1434 2029 reddam
1465 1988 1615 2047 atque
1646 1985 1822 2043 atram,
1859 1974 2013 2048 quam
2039 1974 2188 2030 carbo

881 2089 883 2101 Α
913 2055 1003 2100 est.
1037 2046 1139 2099 Mi.
1161 2047 1345 2117 placet.
2143 2050 2145 2052 ’

861 2136 925 2171 nc
943 2117 1074 2171 mihi
1091 2117 1258 2171 videre
1279 2136 1468 2189 sapere,
1491 2128 1640 2190 atque
1665 2119 1900 2189 equidem
1922 2117 2103 2185 filium,

770 2189 907 2242 Tum
933 2189 1086 2242 etiam
1105 2188 1147 2240 si
1166 2189 1309 2255 nolit,
1333 2207 1498 2260 cogaS‚
1522 2208 1641 2242 cum
1661 2191 1750 2243 illa
1771 2194 1875 2244 una
1893 2193 2058 2243 cubet.
2119 2193 2188 2242 65

771 2260 874 2314 De.
911 2259 1159 2315 Derides?
1197 2262 1492 2326 fortunatuS,
1514 2261 1602 2332 qui
1625 2261 1720 2314 isto
1742 2263 1915 2315 animo
1936 2260 2046 2315 sies·

771 2332 888 2400 Ego
910 2331 1086 2386 sentio,
1123 2331 1227 2384 Mi.
1248 2332 1332 2397 ah,
1350 2333 1613 2403 pergisne?
1655 2331 1759 2387 De.
1776 2331 1886 2404 jam
1910 2333 2100 2386 desino,

772 2401 873 2456 Mi.
900 2403 934 2455 Ἰ
957 2421 1078 2472 ergo
1110 2402 1273 2455 intro:
1309 2415 1360 2455 et
1396 2404 1479 2456 cui
1512 2404 1583 2456 rei
1615 2423 1739 2475 opus
1773 2413 1863 2472 est,
1898 2405 1947 2458 ei
1977 2404 2188 2459 hilarem

913 2472 1054 2527 hunc
1072 2491 1329 2526 sumamus
1352 2474 1504 2528 diem.
2176 2479 2180 2485 '

2122 1769 2192 1847 ⁶0

261 2652 395 2683 tostam
411 2656 492 2684 eam
508 2643 671 2691 reddam,
690 2652 729 2682 et
745 2643 901 2697 nigram,
919 2643 1029 2696 quam
1046 2642 1156 2683 carbo
1171 2653 1239 2683 est.
1285 2644 1362 2684 Mi.
1385 2643 1428 2684 Id
1444 2643 1537 2685 mihi
1547 2647 1754 2698 jucundum
1772 2654 1842 2685 est.
1885 2643 2002 2686 Nune-
2014 2653 2053 2685 te
2062 2644 2190 2697 judie·

147 2708 233 2734 esse
250 2697 472 2749 sapientem,
489 2705 530 2734 et
546 2696 712 2749 profecto
723 2705 831 2736 tuum
849 2697 960 2736 etiam
974 2696 1094 2736 filium
1108 2697 1231 2750 adigat
1243 2698 1316 2736 etsi
1329 2699 1485 2738 invitum
1499 2708 1544 2738 ut
1561 2699 1784 2739 concumbat
1793 2711 1879 2738 eum
1897 2699 1953 2738 ea.
2006 2698 2079 2738 De.
2096 2696 2190 2736 Haec

149 2746 276 2787 dicens
295 2762 355 2787 me
371 2749 540 2789 deludis?
571 2747 674 2795 felix,
691 2751 756 2802 qui
774 2750 828 2788 ita
843 2760 942 2788 nunc
963 2749 1089 2788 animo
1105 2749 1213 2788 laetus
1236 2764 1292 2798 es,
1310 2761 1350 2790 et
1366 2752 1593 2792 miseriarum
1611 2765 1759 2792 sensum
1776 2751 1954 2802 abjecisti.
2005 2749 2091 2803 Ego
2106 2752 2192 2788 verb

153 2801 318 2839 miserias
334 2803 465 2840 sentio.
517 2801 595 2842 Mi.
618 2801 702 2841 Ah!
729 2815 985 2855 perseverantie
1007 2804 1045 2840 in
1064 2803 1236 2841 tristitia?
1292 2803 1363 2842 De.
1386 2802 1474 2843 Jam
1487 2805 1566 2853 jam
1584 2806 1769 2849 tristititm
1791 2804 1913 2847 mitto.
1967 2802 2042 2845 Mi.
2070 2799 2193 2855 Igitur

152 2853 344 2906 ingredere
360 2853 527 2904 domum,
543 2864 582 2896 et
600 2855 740 2909 nuptiis
756 2854 930 2896 faciendis
947 2854 1076 2896 laetum
1093 2853 1195 2897 hunc
1212 2856 1438 2899 intumus
1454 2856 1565 2899 diem.
