2314 3944
744 255 746 258 .
789 178 1020 234 Aerus
1055 180 1118 233 v.
1189 178 1422 232 scENA
1459 178 1554 231 111.

139 325 303 382 Satin'
342 343 490 378 sanus
530 324 616 377 es?

283 409 539 450 mentem:
575 407 631 446 tu
658 395 891 464 dijudica.

137 471 286 524 Dum
302 469 407 520 istis
431 467 572 519 fuisti
591 469 740 531 solus,
764 467 886 518 dum
907 468 1046 516 nulla
1071 464 1168 515 alia
1189 464 1470 528 delectatio,

132 542 274 598 Quae
307 540 510 609 propior
550 549 691 602 esset,
734 549 784 589 te
821 538 1181 605 indulgebant3
1219 536 1312 586 tibi
1350 535 1567 586 dabant:

282 629 421 662 nunc
440 610 545 662 filia
1501 612 1567 656 35

140 681 411 752 Postquam
439 692 512 732 est
546 681 750 732 inventa
773 697 903 744 vera,
938 678 1140 730 inventa
1164 686 1239 727 est
1261 694 1447 739 caussa,
1473 680 1571 745 qua

178 760 181 764 '
281 764 332 804 te
357 755 682 822 expellerent.
1128 773 1132 777 ’

145 823 220 876 Cl.
246 822 339 876 Est
357 825 645 875 verisimile.
688 822 772 891 Sy.
793 840 858 873 an
883 829 938 872 tu
963 820 1027 872 ob
1050 828 1318 889 peccatum
1345 818 1443 870 hoc
1465 834 1569 869 esse

284 895 429 947 illum
453 896 634 947 iratum
658 894 838 964 putas?

149 962 229 1020 Ol.
252 966 372 1018 Non
399 966 622 1018 arbitror.
692 965 778 1034 Sy.
806 981 944 1031 nunc
979 962 1118 1014 aliud
1154 971 1350 1033 specta:
1389 970 1572 1012 matres

286 1055 462 1089 omnes
485 1036 602 1088 filiis

711 322 799 392 Sy.
838 341 933 391 ego
981 323 1165 387 (licam,
1213 322 1349 391 quod
1395 320 1469 372 mi
1512 321 1566 373 in

142 1105 216 1161 In*
229 1119 439 1178 peccato
455 1107 734 1177 adjutriceS,
755 1106 944 1158 auxilio
963 1105 1016 1157 in
1040 1107 1249 1174 paterna
1266 1103 1450 1174 injuria

142 1181 322 1232 Solen-t
356 1195 491 1231 esse:
530 1179 582 1229 id
619 1196 723 1229 non
761 1177 835 1230 fit.
914 1176 995 1231 Cl.
1029 1194 1206 1229 verum
1243 1175 1400 1229 dicis:
1451 1175 1573 1245 quid

286 1269 407 1319 ergo
435 1268 570 1301 nunc
593 1249 796 1313 faciam,
822 1249 979 1317 Syre?
1502 1254 1574 1299 40

150 1322 233 1392 Sy.
273 1321 626 1391 Suspicionem
664 1320 811 1372 istam
850 1339 911 1372 ex
949 1319 1048 1372 illis
1073 1336 1272 1389 quaere:
1310 1335 1419 1370 rem
1455 1336 1572 1388 pro-

287 1394 362 1444 fer
378 1394 567 1462 palam.
1186 1431 1189 1434 ,

142 1463 202 1528 Si
231 1481 335 1516 non
359 1474 433 1515 est
464 1481 656 1528 verum,
681 1464 746 1516 ad
782 1460 1180 1515 misericordiam
1213 1462 1387 1513 ambos
1414 1461 1573 1515 addu—

285 1553 366 1586 ces
392 1535 512 1599 cito,
537 1544 626 1586 aut

143 1606 309 1659 Scibis
334 1605 476 1676 cujus
509 1606 591 1658 sis·
669 1604 748 1659 CI.
789 1607 925 1656 recte
958 1604 1165 1657 suades:
1203 1603 1406 1658 faciam.
1484 1603 1574 1675 Sy.

285 1687 359 1729 sat
379 1677 476 1728 hoc
500 1679 635 1729 recte
657 1676 787 1728 mihi
810 1677 864 1728 in

146 1747 382 1801 Mentem
409 1749 575 1803 venit:
615 1766 835 1818 namque
859 1748 1149 1801 adolescens
1182 1748 1333 1817 quam
1359 1746 1576 1798 minima

286 1820 338 1877 in
362 1838 456 1888 spe·
468 1821 589 1871 situs
613 1817 724 1883 erit,

141 1891 273 1943 Tam
299 1891 541 1942 facillime
562 1892 715 1960 patris
732 1908 912 1960 pacem
940 1890 993 1941 in
1018 1891 1154 1958 leges
1180 1888 1416 1942 conficiet
1442 1908 1570 1943 suaS.

141 1961 316 2015 Etiam
351 1962 488 2014 haud
521 1963 627 2015 scio
662 1981 730 2014 an
772 1979 980 2014 uxorem
1023 1962 1190 2026 ducat,
1225 1979 1288 2029 ae
1331 1961 1457 2032 Syro
1499 1962 1572 2012 nil

287 2033 480 2102 grati'ae.
1501 2037 1571 2084 46

143 2103 286 2161 Quid
326 2105 425 2156 hoc
467 2105 671 2157 autem?
729 2123 884 2157 senex
919 2104 1022 2156 exit
1059 2105 1209 2156 foras:
1264 2120 1360 2172 ego
1396 2103 1568 2171 fugio:

134 2230 138 2238 ,
287 2176 454 2227 adhue
475 2177 610 2246 quod
628 2178 820 2228 factum
846 2186 921 2227 est
1058 2230 1079 2237 ,

145 2245 325 2310 Miror,
360 2247 688 2316 nonjussisse
722 2247 860 2299 illico
893 2255 977 2298 me
1008 2246 1183 2317 arripi:
1221 2245 1285 2297 ad
1301 2245 1572 2321 pMenede-

288 2335 433 2369 mum
457 2318 580 2370 hinc
598 2335 803 2388 pergam
824 2339 836 2372 :
874 2335 994 2370 eum
1286 2340 1294 2342 -

143 2388 463 2511 Ρῑεοῗοέεῐη
519 2390 648 2441 mihi
697 2408 850 2460 paro:
904 2389 1013 2442 seni
1065 2399 1234 2442 nostro

323 2477 352 2510 a
388 2479 465 2513 eo,

1280 2365 1400 2440 fidei
1443 2387 1572 2440 nihii

1592 1757 1595 1765 ⁹
1625 1757 1751 1784 venun
1766 1761 1774 1784 Ξ

2094 179 2194 226 149

1619 320 1756 358 satisne
1783 317 1919 356 mentis
1948 329 2097 369 compos
2126 316 2193 354 es?

1618 374 1688 424 Sy.
1716 371 1800 423 Ego
1818 371 1934 408 dicam
1952 370 2050 421 qnod
2078 370 2195 421 menti

1619 426 1801 463 occurrit:
1886 434 1929 460 tu
2008 421 2195 460 arbitrare.

1620 477 1808 521 Quamdiu
1827 475 2044 528 parentibus
2063 475 2194 512 unicus

1622 544 1702 569 esse
1728 530 1959 568 existimatus
1987 541 2040 573 es,
2069 541 2197 577 quam-

1622 585 1689 622 diu
1723 583 1825 622 nulla
1860 582 1935 620 fuit
1972 581 2042 619 illis
2081 580 2197 629 major

1624 646 1662 674 et
1728 636 1970 688 propinquior
2031 633 2198 684 voluptas

1624 689 1734 739 quain
1773 691 1810 726 in
1841 697 1895 733 te,
1926 688 1997 725 tibi
2029 685 2199 723 favebant

1623 751 1662 779 et
1693 742 1817 780 faciles
1846 746 1972 786 erant3
2001 739 2074 776 tibi
2100 738 2199 790 large

1622 794 1778 832 dabant:
1799 806 1901 832 nunc
1914 801 2110 844 postquam
2119 791 2202 829 An-

1623 846 1754 898 tiphila
1780 847 1854 884 filia
1877 855 2021 897 reperta
2049 854 2115 890 est,
2138 857 2201 881 oc-

1623 901 1721 937 casio
1757 909 1812 937 est
1856 908 2012 950 reperta,
2049 907 2202 949 propter

1624 965 1735 1002 quam
1781 962 1819 989 te
1870 952 2058 1002 ejicerent.
2141 950 2203 988 Cl.

1625 1005 1738 1047 Quod
1756 1005 1808 1042 ais
1826 1004 2016 1055 probabile
2030 1013 2099 1040 est.
2134 1004 2205 1055 Sy.

1626 1057 1689 1095 An
1736 1058 1896 1109 opinaris
1938 1057 2043 1094 illum
2081 1056 2203 1107 indig-

1628 1119 1755 1149 natum
1792 1123 1872 1147 esse
1908 1109 1956 1147 ob
1991 1108 2064 1147 hoc
2095 1108 2202 1160 flagi-

1627 1165 1744 1209 tium3
1773 1162 1871 1214 quod
1902 1163 2009 1200 scivit
2037 1171 2076 1199 te
2108 1160 2203 1199 Bac-

1627 1216 1774 1255 chidem
1806 1217 1958 1254 amare?
2019 1214 2079 1253 Cl.
2110 1213 2204 1253 Non

1627 1271 1770 1321 opinor.
1830 1269 1901 1322 Sy.
1938 1266 2053 1306 Nunc
2083 1269 2205 1305 consi-

1626 1322 1710 1360 dera
1760 1321 1867 1360 aliam
1914 1335 2012 1359 rem:
2073 1322 2203 1358 omnes
2230 1347 2234 1350 »

1624 1386 1758 1414 matres
1790 1385 1835 1412 ut
1873 1375 2074 1427 plurimum
2115 1379 2204 1412 sunt

1625 1429 1873 1466 auxiliatrices
1953 1427 2037 1464 filiis
2110 1428 2202 1474 suis,

1626 1483 1712 1519 curn
1739 1490 1996 1535 peccaverunt,
2024 1488 2063 1517 et
2090 1491 2208 1531 opem*

1628 1535 1674 1572 iis
1710 1533 1851 1581 ferunt,
1900 1533 2049 1586 quando
2097 1545 2204 1590 pater

1629 1587 1669 1625 in
1701 1601 1764 1625 cos
1799 1587 1926 1638 inique
1957 1587 2056 1638 agit3
2099 1597 2202 1624 nune

1627 1640 1725 1679 vides
1753 1640 1907 1678 matrem
1926 1649 2029 1678 tuam
2048 1638 2204 1677 minime

1627 1702 1666 1731 te
1707 1693 1889 1744 adjuvare.
1980 1690 2041 1730 Cl.
2093 1689 2202 1729 Dicis

1833 1745 1924 1798 quid
1955 1757 2058 1795 ervo,
2095 1742 2203 1796 Syre,

1626 1797 1719 1837 mihi
1756 1809 1856 1836 nunc
1896 1777 2084 1851 agendum.
2117 1797 2201 1835 est?

1626 1852 1695 1904 Sy.
1724 1850 1862 1896 Quaere
1882 1851 1927 1890 ab
1944 1851 2026 1888 'illis
2045 1851 2081 1888 id
2102 1850 2204 1901 quod

1627 1906 1844 1958 suspicaris3
1891 1919 1936 1942 an
1983 1905 2033 1942 sis
2073 1915 2202 1942 eorum

1626 1958 1738 2006 filius,
1754 1971 1894 1996 necne:
1920 1957 1978 1995 dic
1993 1957 2064 1995 illis
2076 1956 2201 2008 piane,

1625 2024 1737 2062 quare
1770 2011 2026 2063 adductus‘sis
2052 2011 2092 2047 in
2119 2021 2202 2046 eam

1624 2065 1889 2116 suspicionem.
1961 2061 2003 2102 Si
2040 2063 2076 2100 id
2106 2061 2202 2099 falso

1624 2119 1835 2169 suspicaris,
1879 2117 2006 2154 statim
2042 2114 2200 2154 adduces

1626 2183 1689 2207 eos
1707 2171 1750 2208 ad
1769 2169 2015 2208 miserendum
2033 2169 2109 2207 tui:
2138 2177 2203 2205 aut

1625 2224 1656 2260 si
1669 2236 1796 2261 verum
1814 2233 1871 2260 est
1889 2233 1926 2261 te
1945 2224 2021 2260 non
2039 2234 2120 2260 esse
2138 2234 2204 2258 eo-

1582 2323 1583 2326 *
1624 2289 1708 2314 rum
1749 2276 1883 2324 filium,
1931 2277 2023 2313 scies
2058 2288 2105 2312 ex
2138 2288 2201 2311 eo-

1625 2341 1707 2366 rum
1735 2329 1854 2367 relatu
1885 2329 1989 2379 cujus
2021 2329 2083 2365 sis.
2140 2327 2203 2366 Οἱ.

1625 2379 1731 2419 Bene
1762 2381 1857 2419 mihi
1886 2379 2073 2420 consulis:
2127 2379 2204 2418 uod

1625 2435 1753 2473 suades
1788 2433 1932 2474 faciam.
1999 2432 2070 2485 Sy.
2131 2434 2201 2470 atis

1624 2488 1816 2526 commode
1824 2485 1903 2526 haec
1916 2487 2089 2540 cogitatio
2097 2499 2204 2523 men-

1624 2550 1702 2579 tem
1732 2540 1861 2588 subiit,
1898 2539 2073 2591 mihique¹
2097 2538 2202 2576 valde

147 2597 247 2636 istud
261 2598 457 2637 consilium
478 2598 623 2651 placet:
653 2612 812 2651 namque
824 2600 972 2650 juvenis
987 2600 1127 2651 quanto
1141 2599 1262 2637 minus
1280 2598 1358 2649 spei
1376 2611 1416 2635 se
1432 2595 1568 2634 habere
1586 2593 1789 2640 simulabit,
1807 2593 1886 2632 fore
1900 2603 1944 2632 ut
1957 2605 2025 2646 pro
2040 2591 2118 2629 filio
2137 2592 2208 2629 ad-'

146 2651 335 2698 mittatur3
364 2652 472 2689 tanto
490 2651 634 2690 facilius
653 2665 782 2704 pacem
802 2652 930 2699 inibit,
958 2665 1043 2692 cum
1066 2652 1167 2691 bono
1183 2661 1301 2704 patre,
1317 2649 1377 2688 his
1396 2649 1670 2689 conditionibus
1689 2660 1778 2698 quas
1797 2647 1884 2685 dare
1907 2645 2063 2684 voluerit
2089 2644 2200 2682 filius.

147 2702 201 2747 Et
226 2703 379 2742 fortasse
406 2705 599 2757 continget
617 2713 658 2742 ut
672 2704 839 2756 Clitipho
857 2718 1010 2743 uxorem
1028 2705 1161 2751 ducat3
1190 2701 1285 2742 nihil
1301 2712 1425 2740 tamen
1444 2703 1571 2754 gratiae
1589 2699 1766 2738 habeatur
1784 2698 1890 2752 Syro·
1943 2698 2048 2742 Quid
2073 2707 2200 2736 autem

145 2764 203 2794 est
220 2754 320 2795 hoc?
351 2755 530 2795 Chremes
544 2758 753 2809 egreditur:
781 2772 851 2810 ego
865 2756 953 2810 fuga
966 2756 1058 2798 mihi
1075 2757 1248 2796 consulo:
1279 2757 1390 2794 miror
1403 2769 1489 2793 eum
1505 2767 1580 2792 non
1599 2753 1797 2805 imperasse
1813 2753 1933 2791 adhuc
1951 2764 2011 2790 me
2029 2763 2200 2802 compre-

143 2806 281 2847 hendi:
316 2810 522 2863 perfugiam
550 2811 596 2848 ad
623 2809 908 2859 Menedemum,
939 2811 1160 2864 comparabo
1190 2823 1276 2848 eum
1308 2807 1400 2847 mihi
1424 2809 1705 2846 'intercessorem
1723 2819 1731 2842 :
1762 2818 1836 2844 non
1866 2806 1940 2845 fido
1966 2805 2045 2843 seni
2073 2812 2200 2842 nostro

144 2859 349 2903 Chremeti.

548 3051 946 3121 ACTUS
1010 3050 1096 3118 V.
1195 3049 1598 3119 SCENA
1659 3049 1799 3118 ΙΙΙ.

750 3206 1138 3261 SOSTRATA.
1218 3204 1591 3258 CHREMES.

152 3336 238 3391 So·
277 3336 582 3407 Paornc‘m,
615 3341 713 3395 nisi
735 3359 879 3395 caves
903 3350 960 3394 tu
991 3341 1165 3407 homo,
1192 3339 1390 3412 aliquid
1421 3349 1577 3408 gnato

289 3410 523 3464 conficies
546 3412 697 3467 mali:
1139 3405 1146 3426 ⁸

146 3480 308 3551 quue
352 3482 492 3553 adeo
532 3484 703 3549 miror,
738 3485 828 3554 qui
867 3492 974 3539 tam
1016 3484 1247 3555 ineptum
1296 3482 1574 3553 quidquam

291 3553 512 3622 potuerit
532 3554 627 3607 tibi

151 3623 334 3685 ⁴{lenire
357 3623 411 3676 in
431 3635 674 3691 mentem,
698 3625 773 3680 mi
789 3626 879 3683 vir.
947 3626 1052 3686 Ch.
1074 3626 1159 3695 oh,
1177 3624 1371 3698 pergin'
1391 3622 1576 3681 mulier

287 3697 428 3750 esse?
467 3697 694 3751 ullamne
717 3715 814 3768 ego
1312 3703 1314 3706 ’

1566 3759 1567 3762 ’
1627 3760 1749 3801 lam‘ne

1681 3338 1753 3377 So..
1772 3337 1893 3385 Certa,
1931 3337 2002 3376 nisi
2032 3337 2200 3390 provides
2231 3365 2242 3379 x

1628 3400 1673 3429 tu
1704 3391 1833 3438 homo,
1879 3391 2028 3443 aliquod
2062 3391 2199 3430 malum

1629 3443 1839 3495 procurabis
1867 3444 1971 3483 filio:
2016 3451 2061 3491 et,
2098 3443 2202 3481 valde

1628 3497 1756 3544 miror,
1769 3498 1822 3535 mi
1835 3497 1988 3548 conjux,
2002 3506 2078 3548 quo
2091 3505 2202 3549 pacto

1627 3550 1826 3600 quicquam
1874 3558 1952 3589 tam
2001 3550 2201 3588 absurdum

1627 3602 1792 3653 potueris
1825 3603 1865 3642 in
1896 3603 2061 3642 animum
2093 3602 2202 3641 indu-

1625 3667 1721 3693 cere.
1767 3654 1837 3695 Ch.
1851 3654 1931 3703 oh,
1947 3665 2203 3709 perseverasne

1626 3707 1762 3747 mulier
1783 3707 1940 3751 molesta
1964 3708 2069 3749 esSe?
2101 3705 2200 3747 Nul-
