2314 3944
790 139 1026 195 Ac'rus
1049 106 1102 193 i.
1179 139 1411 194 SCENA
1447 139 1541 193 111.

133 292 235 344 Sed
259 285 604 362 epistolam‘ab
630 302 690 335 eo
713 287 913 337 allatam
941 302 1043 336 esse
1067 282 1233 335 audivi
1259 284 1425 348 modo,
1451 293 1502 335 et

131 365 214 415 Ad
232 362 490 432 portitores
515 375 617 407 esse
643 356 857 408 delatam
877 378 889 410 ε
928 356 1058 407 hanc
1083 363 1267 423 petam.
1450 360 1550 406 100

132 432 257 486 Da,
282 428 545 515 Nunquid,
584 428 742 491 Geta,
762 428 900 479 aliud
932 445 1014 478 me
1051 425 1157 476 vis?
1200 424 1294 477 Ge.
1329 434 1384 476 ut
1420 428 1550 477 bene

133 503 471 697 Pueriixetiissss
526 569 729 622 nemon’
778 569 878 620 huc
915 567 1117 638 prodit?
1176 584 1315 635 cape,
1350 566 1412 617 da
1451 566 1550 618 hoc

326 661 476 696 ormo.

2070 150 2175 200 209

1601 283 1666 322 sed
1689 284 1797 322 modo
1817 284 1943 335 accepi
1961 283 2006 322 ab
2025 298 2070 323 eo
2087 286 2175 326 alla-

1603 347 1678 374 tam
1695 350 1773 374 esse
1798 336 2005 388 epistolam,
2032 347 2070 375 et
2086 340 2180 382 inde,

1601 389 1713 427 latam
1738 388 1853 427 fuisse
1883 389 1930 426 ad
1957 389 2174 441 publicanos

1601 443 1664 493 qui
1682 443 1775 480 vecti
1804 442 1874 480 alia
1905 442 1944 479 in
1962 452 2071 493 portu
2098 445 2178 481 exi·

1601 504 1719 546 gunt:
1787 508 1870 533 lanc
1910 496 2070 546 petitum
2114 509 2176 534 eo,

1604 548 1682 586 Da.
1726 545 1908 598 Nunquid
1945 547 2019 585 alia
2053 548 2092 586 in
2138 561 2179 586 re

1604 601 1801 652 tibi'opus
1832 610 1886 638 est
1916 600 2000 651 mea
2035 601 2174 652 opera?

1606 653 1674 690 Ge.
1702 652 1758 690 Ut
1770 654 1866 692 bene
1884 654 1931 691 sit
1947 653 2177 704 tibi‘precor.

1603 703 1724 751 Heus,
1751 719 1865 757 puer:
1910 719 2068 747 nemone
2100 704 2175 744 huc

1085 761 1196 800 domo
1213 759 1407 813 procedit?
1439 771 1528 812 cape
1541 756 1613 797 hoc
1627 768 1835 810 argentum,
1852 767 1891 797 et
1908 758 2009 798 trade
2020 756 2174 798 Dorcio.

522 986 927 1058 AcTus
1004 983 1062 1052 Ι.«
1161 943 1783 1056 ΞΟΕΝΑΠΙ.

761 1173 1108 1234 ᾹΝΤΙΡΗΟ.
1183 1179 1546 1234 PHAEDRIA.

131 1343 235 1395 An.
270 1340 488 1395 ADEou'
522 1357 630 1391 rem
655 1337 872 1403 rediisse,
897 1348 970 1402 ut,
996 1336 1083 1406 qui
1108 1335 1236 1388 mihi
1261 1338 1548 1389 consultum

270 1413 605 1481 esseoptume
630 1410 767 1474 velit,

128 1485 376 1548 Phaedria,
399 1493 593 1551 patrem
630 1490 688 1531 ut
727 1480 1070 1545 extimescam,
1105 1479 1193 1532 ubi
1231 1479 1284 1531 in
1321 1489 1546 1532 mentem

76 1614 86 1625 ¹
271 1554 376 1626 ejus
401 1553 600 1606 adventi
628 1551 796 1602 venit?

129 1626 285 1684 Quod
309 1627 361 1677 ni
386 1626 586 1677 fuissem
626 1622 920 1690 incogitanS,
956 1622 1026 1673 ita
1058 1639 1175 1674 eum
1214 1631 1547 1691 expectarem,

269 1708 325 1748 ut
349 1715 438 1766 par
462 1695 574 1747 fuit.

130 1767 231 1821 Ph.
272 1768 409 1824 Quid
437 1767 563 1817 istuc
588 1767 689 1817 est?
730 1765 825 1816 An.
850 1764 1030 1833 rogitas
1052 1765 1068 1815 ?
1109 1765 1195 1835 qui
1220 1775 1321 1816 tam
1346 1763 1546 1816 audacis

267 1838 499 1890 facinoris
525 1836 651 1887 mihi
677 1836 904 1887 conscius
926 1851 929 1855 ·

127 1909 240 1961 Sis?
295 1910 428 1978 quod
465 1908 660 1969 utinam
705 1925 768 1958 ne
813 1906 1105 1958 Phormioni
1152 1906 1203 1958 id
1241 1906 1449 1959 ‚suadere
1491 1906 1546 1959 in

267 1991 491 2031 mentem
520 1978 789 2040 incidisset,
1512 1983 1542 2028 5

125 2050 243 2103 Neu
267 2069 352 2103 me
377 2050 621 2119 cupidum·
643 2051 703 2100 eo
729 2047 1022 2117 impulisset,
1046 2049 1182 2118 quod
1207 2047 1332 2100 mihi
1357 2048 1545 2118 princi·-

266 2122 408 2191 pium
435 2131 507 2172 est
528 2120 666 2171 mali.

125 2192 246 2243 Non
278 2190 469 2261 ⁴'potitus
511 2208 667 2242 essem
685 2211 699 2254 3

267 2263 459 2331 aliquot
482 2263 617 2315 dies:

124 2334 194 2385 At
219 2351 318 2385 non
344 2333 633 2402 quotidiana
656 2351 774 2384 cura
793 2333 902 2384 haec
930 2342 1135 2401 angeret
1158 2332 1402 2386 animum.
1440 2334 1539 2386 Ph.

266 2405 432 2456 audio·

124 2476 219 2527 An.
257 2474 400 2527 Dum
438 2487 663 2545 expecto,
689 2477 839 2546 quam
879 2493 998 2526 mox
1034 2472 1217 2542 veniat,
1243 2475 1328 2544 qui
1353 2474 1542 2527 adimat

263 2546 396 2597 hanc
421 2548 548 2598 mihi
573 2546 1001 2598 consuetudinem.

122 2615 227 2668 Ph.
264 2617 407 2681 Aliis,
433 2618 548 2686 quia
585 2618 711 2669 desit
747 2617 880 2687 quod
916 2624 1104 2682 amant,
1128 2620 1259 2686 aegre
1285 2627 1389 2669 est:
1427 2618 1538 2681 tibi,

265 2687 383 2758 quia
406 2701 644 2757 superest,
667 2690 817 2740 dolet.
1475 2695 1539 2740 10

119 2759 309 2813 Amore
333 2761 572 2825 abundaS‚
591 2759 834 2828 Antipho.
1264 2825 1265 2829 Ἰ

120 2829 256 2881 Nam
293 2839 380 2882 tua
403 2831 608 2899 quidem
633 2831 802 2882 hercle
825 2831 958 2882 certe
983 2829 1082 2883 vita
1104 2830 1216 2882 haec
1242 2831 1536 2901 expetenda,

234 2965 238 2970 .
260 2902 574 2971 optandaque
599 2911 686 2954 est.

120 2971 198 3023 Ita
233 2989 316 3022 me
341 2972 393 3024 di
414 2974 544 3024 bene
581 2983 784 3039 ament3
834 2983 891 3025 ut
932 2972 1060 3025 mihi
1101 2972 1251 3025 liceat
1287 2982 1391 3024 tarn
1432 2971 1535 3038 diu,

261 3044 412 3111 quam
438 3063 570 3109 amo,
595 3045 708 3108 frui,

119 3111 154 3164 J
158 3130 238 3163 am
259 3113 507 3181 depacisci
534 3125 746 3167 mortem
773 3114 938 3184 cupio,
963 3125 1019 3166 tu
1043 3113 1279 3184 conjicito
1304 3126 1509 3179 caetera3

120 3181 260 3238 Quid
284 3201 380 3251 ego
403 3202 463 3235 ex
487 3184 584 3237 hac
619 3186 790 3257 inopia
826 3204 961 3238 nunc
995 3187 1208 3256 capiam,
1233 3195 1282 3236 et
1319 3187 1441 3256 quid
1477 3196 1532 3237 tu

262 3269 324 3304 ex
347 3253 469 3305 istac
493 3256 636 3325 copia
658 3278 671 3311 ι
1471 3262 1530 3308 15

118 3323 193 3375 Ut
216 3340 280 3374 ne
303 3324 501 3388 addam,
525 3327 655 3395 quod
679 3327 786 3380 sine
821 3336 1043 3396 sumptu,
1077 3326 1367 3396 ingenuam,
1405 3326 1531 3379 libe-

230 3399 232 3402 ’
259 3395 415 3446 ralem
440 3406 613 3447 nactus
636 3415 687 3448 es
708 3418 722 3450 ε
1051 3441 1054 3445 -

118 3463 271 3520 Quod
318 3463 485 3529 habeS‚
525 3466 595 3518 ita
634 3477 693 3519 ut
734 3466 948 3531 voluisti,
988 3486 1213 3534 uxorem,
1252 3469 1360 3522 sine
1397 3471 1531 3521 mala

258 3536 422 3600 fam513
457 3539 625 3606 palam

737 2191 910 2242 fuisset
946 2199 1056 2241 tum
1083 2190 1228 2242 vmihi
1265 2165 1376 2242 illos
1411 2194 1543 2261 aegre

1653 1337 1729 1376 An.
1756 1335 1863 1376 Eone
1889 1335 2045 1374 miseriae
2067 1335 2173 1375 deve·

1602 1391 1656 1437 ni,
1671 1401 1712 1428 ut
1724 1389 1962 1428 vehementer
1980 1388 2173 1428 formidem

1627 1453 1756 1489 atrem,
1771 1444 1835 1494 qui
1849 1443 1974 1480 omnia
1990 1442 2086 1479 bona
2103 1443 2175 1480 mi-

1599 1456 1640 1534 Εἰ
1669 1497 1786 1548 cupit,
1819 1496 1884 1533 ubi
1920 1495 1965 1532 de
1996 1494 2074 1544 ejus
2110 1494 2176 1532 ad-

1600 1559 1714 1587 ventu
1731 1548 1881 1601 cogito?
1904 1546 2016 1590 Quod
2033 1548 2103 1584 nisi
2114 1546 2175 1585 fu·

1582 1602 1710 1640 -issem
1729 1600 1941 1653 imprudens
1957 1610 1995 1638 et
2013 1601 2176 1638 inconsi-

1600 1655 1743 1701 derans,
1762 1655 1814 1692 ita
1839 1667 1923 1691 eum
1951 1652 2083 1705 cupide
2110 1665 2174 1690 ex-

1599 1716 1798 1759 pectarem,
1816 1715 1857 1743 ut
1871 1719 2017 1756 aequum
2036 1713 2074 1742 et
2086 1717 2188 1742 con-·

1599 1761 1749 1798 veniens
1775 1759 1860 1797 fuit.
1902 1759 1972 1797 Ph.
2003 1757 2108 1801 Quid
2125 1758 2174 1795 is-

1599 1813 1667 1851 tud
1708 1813 1790 1850 est?
1833 1812 1908 1850 An.
1947 1808 2171 1853 Quaerisne?

1599 1866 1663 1916 qni
1697 1866 1767 1903 scis
1801 1865 1879 1916 ipse
1914 1865 1990 1902 una
2024 1875 2173 1901 mecum

1598 1918 1830 1956 temerarium
1845 1917 1987 1955 facinus
2025 1917 2100 1954 uod
2110 1916 2174 1954 ad-

1599 1970 1822 2022 misi;hquod
1837 1971 1979 2008 utinam
2026 1968 2172 2006 hormio

1597 2023 1688 2062 mihi
1707 2023 1858 2061 suadere
1871 2035 2058 2073 nunquam
2071 2023 2173 2073 cogi-

1597 2077 1723 2122 tasset,
1743 2089 1818 2113 non
1843 2088 1961 2113 meam
1989 2074 2171 2126 cupidita-

1598 2138 1675 2167 tem
1704 2130 1748 2167 ad
1778 2128 1844 2166 has
1872 2129 2020 2179 nuptias
2039 2128 2171 2166 incita·

1595 2183 1719 2227 visset,
1748 2195 1831 2230 quoe
1863 2194 1919 2218 res
1944 2178 2038 2218 mihi
2057 2189 2170 2231 mput

1595 2245 1634 2272 et
1652 2235 1736 2272 fons
1764 2233 2006 2272 infelicitatis
2051 2231 2172 2271 ⁴Aina-

1594 2296 1644 2325 toe
1680 2288 1830 2338 virginis
1865 2299 2016 2337 compos
2049 2285 2169 2324 faetus

1597 2353 1670 2378 non
1701 2339 1874 2378 fuissem:
1903 2340 2001 2390 aegre
2031 2347 2071 2377 et
2098 2340 2170 2376 im-

1593 2394 1774 2444 patienter
1791 2394 1834 2431 e&
1862 2405 1922 2430 me
1939 2392 2069 2442 privari
2087 2391 2168 2429 illos

1593 2447 1731 2497 aliquot
1748 2446 1824 2483 dies
1850 2445 2032 2490 tulissem3
2063 2453 2142 2481 esto
2155 2457 2183 2483 2·-

1593 2509 1630 2536 at
1648 2498 1755 2536 solita
1772 2498 1852 2536 haec
1870 2497 2066 2535 solicitudo
2085 2498 2167 2535 ani·

1593 2565 1694 2589 mum
1730 2564 1805 2589 non
1846 2557 2040 2603 premeret.
2090 2549 2166 2590 Ph.
2228 2579 2232 2585 .

1591 2604 1727 2642 Audio.
1780 2604 1855 2642 An.
1891 2599 1997 2640 Dum
2034 2603 2165 2641 anxius

1592 2665 1732 2704 metuo,
1761 2669 1810 2694 ne
1841 2655 1948 2706 quam
1977 2655 2066 2692 cito
2083 2656 2166 2706 quis

1590 2709 1715 2755 irruat,
1745 2710 1808 2760 qui
1829 2721 1887 2746 me
1904 2706 2087 2746 abstrahat
2113 2708 2162 2747 ab

1589 2760 1699 2811 hujus
1735 2761 1882 2814 virginis
1919 2761 2165 2812 possessione.

1590 2815 1659 2852 Ph.
1699 2814 1778 2853 Alii
1822 2815 2028 2860 tristantur,
2075 2815 2164 2865 quia

1588 2868 1626 2905 id
1639 2867 1738 2919 quod
1758 2875 1884 2905 amant
1915 2879 1978 2905 eos
2012 2866 2164 2904 deficit:

1588 2931 1632 2957 tu
1662 2921 1760 2966 vero,
1790 2920 1836 2957 eb
1865 2919 1964 2970 quod
1998 2928 2162 2971 superat,

1587 2972 1699 3012 doles.
1751 2972 1900 3011 Amoris
1916 2972 2090 3011 felicitate
2108 2971 2162 3009 af-

1586 3025 1686 3071 fluis,
1717 3024 1898 3078 Antipho.
1963 3023 2062 3062 Nam
2094 3037 2160 3074 per

1587 3077 1788 3116 Herculem
1803 3079 1878 3116 fune
1893 3078 1978 3115 vitae
1995 3077 2160 3114 conditio

1612 3131 1828 3170 roculdubio
1838 3129 2072 3168 desideranda
2090 3138 2161 3166 est.

1586 3146 1644 3221 fta
1662 3183 1751 3222 mihi
1770 3183 1821 3221 dii
1839 3184 1914 3220 sint
1931 3182 2096 3233 propitii,
2113 3191 2159 3219 ut

1586 3235 1677 3274 mihi
1692 3236 1833 3275 tamdiu
1851 3236 1929 3285 ejus
1948 3234 2046 3285 quod
2060 3247 2158 3280 amo,

1585 3290 1691 3340 copia
1720 3289 1796 3334 flat,
1821 3287 1985 3338 quandiu
2013 3287 2055 3324 fit
2072 3286 2158 3334 tibi,

1584 3354 1702 3379 morte
1719 3348 1865 3391 paratus
1897 3353 1980 3377 sum
2007 3341 2158 3391 pacisci.

1584 3393 1726 3431 Caetera
1734 3392 1874 3441 conjice
1883 3406 1892 3429 ι
1906 3391 2060 3440 scilicet,
2069 3393 2159 3443 quid

1583 3459 1653 3496 ego
1680 3444 1860 3483 molestiae
1885 3444 2026 3496 capiam
2043 3458 2091 3483 ex
2117 3458 2156 3483 a-

1582 3498 1694 3535 moris
1726 3497 1865 3547 inopia,
1905 3499 1991 3535 cnm
2022 3505 2068 3536 tu
2094 3498 2158 3547 ju-

1582 3549 1702 3587 eunde
1727 3550 1843 3587 am'rca
1862 3548 2009 3588 Fruarisz
2038 3559 2082 3588 ut
2108 3561 2155 3587 ne

1582 3601 1640 3639 his
1654 3602 1863 3653 adjungam,
1879 3602 1976 3652 quud
1993 3603 2072 3640 sine
2100 3603 2156 3639 nl-

113 3650 161 3690 lis
177 3654 411 3704 pecuniarum
430 3654 604 3706 impensis
623 3655 817 3708 ingenuam
836 3666 875 3699 et
887 3656 1075 3699 liberalem
1096 3658 1273 3712 virginem
1291 3658 1440 3699 sortitus
1458 3670 1518 3695 es:
1546 3654 1644 3707 quod
1662 3655 1823 3708 possides
1842 3668 1991 3695 uxorem
2009 3655 2156 3706 qualem

116 3706 301 3757 optavisti,
318 3707 468 3760 integrae
486 3708 788 3762 existimationis5
1490 3758 1526 3799 7

608 3780 610 3784 '
1510 3782 1527 3799 δ
