2314 3944
819 123 1056 192 Aeros
1091 137 1134 193 1.
1206 95 1447 190 ⁴scENA
1480 133 1535 189 L·

161 283 369 348 Fodere,
392 290 480 334 aut
500 297 654 345 arare,
677 289 766 332 aut
788 280 978 350 aliquid
999 282 1155 337 ferret
1192 279 1410 350 denique

161 356 378 411 Nullum
398 352 609 405 remittis
625 363 843 421 tempuS,
866 370 1033 423 neque
1056 352 1351 420 tessespici&

162 426 297 479 Haec
321 433 424 476 non
448 423 692 493 voluptati
715 423 808 474 tibi
829 440 949 487 esse,
973 423 1089 474 satis
1114 423 1250 473 certo
1268 423 1390 474 scio,

160 499 232 549 At
251 496 406 560 enim,
428 496 537 559 Me,
557 506 802 564 quantum
824 494 911 545 h‘ic
930 493 1092 564 operis
1108 492 1212 556 fiat,
1229 493 1462 561 poenitet.
1519 496 1591 544 20

161 567 392 624 Quodin
418 583 568 635 opere
593 566 830 617 faciundo
851 582 1018 634 operae
1043 564 1295 617 consumis
1319 574 1439 629 tuae,

161 639 218 690 Si
241 656 407 690 sumas
431 638 485 688 in
509 637 607 688 illis
631 636 939 702 exercendis,
962 637 1076 705 plus
1099 652 1234 702 agas·

162 710 270 762 Me.
308 709 546 771 Chreme,
569 719 833 760 tantumne
857 708 920 758 ab
944 725 996 761 re
1013 708 1103 757 tua
1124 715 1199 757 est
1221 705 1313 758 otii
1335 705 1445 771 tibi,

160 780 343 832 Aliena
366 791 422 832 ut
448 791 604 844 cures,
628 796 788 848 eaque
814 778 943 829 nihil
966 795 1080 846 quae
1103 776 1167 828 ad
1189 786 1243 828 te
1265 777 1513 831 attinent?

166 850 264 906 Ch.
304 851 480 904 Homo
498 869 642 903 sum:
670 849 881 902 humani
902 848 1031 907 nihil
1049 850 1079 899 ὁ.
1098 865 1179 900 me
1199 847 1425 901 alienum
1445 856 1587 917 put0.

161 921 259 974 Vel
285 941 367 974 me
389 940 594 974 monere
619 922 731 984 hoc,
754 922 831 971 vel
850 917 1131 988 percontari
1151 927 1273 987 puta
1293 939 1305 971 :
1519 924 1589 971 26

160 993 383 1046 Rectum
408 1003 498 1057 est,
518 1004 612 1062 ego
635 1002 691 1043 ut
715 991 896 1042 faciam
916 1010 929 1052 ;
968 1008 1085 1054 non,
1118 1003 1175 1040 ut
1199 989 1493 1043 deterream.

163 1066 274 1119 Me.
309 1065 447 1116 Mihi
470 1065 543 1116 sic
567 1074 640 1115 est
662 1081 806 1114 usus:
842 1061 937 1112 tibi
961 1071 1016 1112 ut
1040 1078 1165 1129 opus
1190 1070 1264 1112 est
1286 1062 1438 1126 fact0‚
1463 1063 1592 1116 face.

169 1136 267 1192 Cle.
305 1138 388 1187 An
413 1135 647 1204 cuiquam
682 1143 755 1184 est
787 1149 904 1183 usus
937 1131 1151 1196 homini,
1185 1150 1236 1183 se
1270 1141 1326 1183 ut
1363 1133 1591 1185 cruciet?

307 1207 416 1260 Me.
454 1206 598 1258 mihi.
1366 1252 1371 1254 ξ

171 1278 276 1334 Clz.r
304 1277 360 1329 Si
403 1276 525 1347 quid
563 1275 744 1329 laboris
782 1285 872 1339 est,
915 1275 1132 1327 nollem:
1174 1274 1262 1326 sed
1305 1273 1437 1327 istud
1474 1275 1597 1346 quid

201 1349 204 1352 ’
300 1349 424 1400 mali
447 1349 555 1399 est?
955 1387 960 1394 .
1527 1352 1597 1399 30

165 1418 371 1484 QuaeSO,
395 1420 516 1489 quid
542 1419 604 1470 de
627 1428 678 1470 te
702 1426 899 1469 tantum
926 1416 1182 1469 meruisti?
1211 1417 1317 1470 Me.
1339 1417 1459 1482 heu,
1476 1417 1562 1470 hoi
1584 1418 1594 1470 l

170 1488 268 1544 Ch.
305 1490 387 1544 Ne
411 1494 647 1559 lacryma,
672 1500 822 1559 atque
847 1489 992 1553 istm,
1016 1488 1258 1558 quicquid
1293 1500 1382 1553 est,
1408 1492 1486 1542 fac
1511 1508 1597 1543 me

308 1571 366 1613 ut
388 1562 562 1614 sciam.
1558 1586 1559 1590 ¹

125 1686 141 1689 „
165 1632 250 1685 Ne
272 1633 427 1685 retice
446 1654 465 1687 ι
492 1651 562 1684 ne
582 1649 780 1684 verere:
805 1632 983 1696 crede,
1008 1630 1232 1710 inquam,
1256 1630 1416 1685 mihi:

168 1706 274 1756 Aut
297 1705 619 1767 consoland0‚
642 1714 730 1755 aut
754 1703 980 1767 consili0‚
1002 1713 1089 1754 aut
1113 1719 1172 1764 ref
1183 1720 1372 1770 juver-0.

171 1775 276 1829 Me.
317 1775 459 1828 Scire
498 1775 595 1827 hoc
631 1775 738 1827 vis?
784 1773 879 1829 Ch.
904 1775 1001 1826 hac
1039 1775 1188 1825 causa
1209 1773 1461 1842 equidem,
1501 1777 1602 1844 qua

319 1847 424 1899 dixi
446 1846 556 1898 tibi.
1375 1885 1394 1895 Α,
1531 1853 1598 1899 35

167 1917 279 1971 Me.
304 1912 562 1971 Dicetur..
590 1915 684 1972 Ch.
711 1926 762 1968 at
787 1917 902 1968 istos
926 1924 1103 1967 rastros
1127 1916 1316 1968 interea
1337 1926 1511 1970 tamen

167 1987 416 2059 Depone:
457 2007 520 2040 ne
545 1990 728 2055 labora.
772 1989 880 2040 Me.
918 1987 1149 2040 minime.
1194 1986 1288 2041 Cla.
1314 2006 1465 2058 quam
1492 2007 1599 2042 rem

298 2061 453 2129 agis?
960 2092 964 2097 -
1376 2082 1385 2086 ·

168 2130 282 2184 Me.
324 2133 446 2184 Sine
471 2149 571 2196 me,
594 2131 822 2182 vacivom
840 2141 1039 2198 tempus
1060 2148 1124 2181 ne
1147 2130 1282 2199 quod
1307 2131 1449 2183 duim
1471 2131 1599 2182 mihi

170 2202 398 2255 Laboris,
450 2201 543 2256 Ch..
580 2203 700 2254 Non
724 2203 906 2267 sinam,
943 2202 1164 2270 inquam.
1223 2201 1336 2254 Me.
1377 2203 1460 2268 ah,
1496 2220 1599 2255 non
1623 2243 1633 2250 ,

316 2293 519 2344 aequom
544 2274 680 2326 faciS.

179 2341 274 2399 Cla.
311 2345 441 2409 Hui,
464 2355 568 2396 tam
592 2343 784 2413 gravcis
821 2343 928 2408 hos,
953 2345 1160 2413 quaeso?
1200 2343 1308 2395 Me.
1334 2345 1421 2398 Sic
1446 2346 1598 2397 meri-
1639 2384 1644 2389 .

316 2426 434 2469 tum
455 2425 527 2468 est
547 2434 738 2468 meum.
1528 2423 1599 2468 40

180 2487 272 2543 Ch.
311 2487 468 2540 Nunc
484 2489 701 2556 loquere.
729 2485 804 2538 M
802 2505 842 2565 e.
864 2487 1051 2540 Filium
1077 2487 1288 2540 unicum
1310 2488 1599 2540 adolescen-

316 2562 482 2610 tulum

175 2631 393 2684 Habeo:
445 2629 535 2681 ah!
593 2630 716 2698 quid
757 2629 861 2682 dixi
896 2630 1079 2682 habere
1114 2631 1234 2682 me?
1289 2629 1395 2682 imo
1432 2629 1603 2692 habui,

322 2702 570 2753 Chreme:
880 2738 890 2745 .

105 2782 110 2790 ’
175 2773 331 2826 Nunc
374 2774 607 2837 habeam,
648 2790 826 2835 necne,
862 2771 1125 2825 incertum
1182 2782 1297 2844 est.)

320 2845 391 2895 ita
414 2844 575 2895 istuc?
617 2844 722 2896 Me.
747 2843 895 2896 scies:

176 2915 271 2969 Est
295 2919 323 2966 e
350 2914 595 2978 ‘Corintho
619 2915 704 2965 hic
727 2914 919 2966 advena
942 2933 1063 2966 anus
1088 2916 1417 2984 paupercula.

1351 2771 1446 2826 Cla.
1485 2771 1607 2841 quid

2114 145 2216 193 109

1639 285 1705 316 aut
1718 277 1855 318 arando
1871 277 2052 327 laborare,
2069 289 2134 319 aut
2147 281 2218 328 vnli--

1638 331 1740 381 quod
1767 345 1861 369 onus
1880 344 2029 384 gerere:
2058 333 2218 386 denique

1639 383 1784 435 nullum
1798 384 1936 422 relaxas
1947 393 2110 436 tempus,
2123 388 2217 437 quin

1640 449 1786 488 semper
1802 446 1839 475 te
1868 437 2014 489 fatiges,
2046 451 2116 475 nec
2142 450 2218 478 tune

1642 491 1760 540 parcis
1776 489 1992 528 valetudini.
2025 488 2098 528 Pro
2115 502 2219 531 certo

1643 551 1876 593 compertum
1908 542 2028 585 habeo
2049 543 2141 583 haec
2174 546 2219 583 ad

1643 594 1928 634 delectationem
1942 609 2043 634 tuam
2061 610 2135 634 non
2154 598 2226 635 fle·-

1643 648 1687 686 ri.
1714 673 1717 675 >
1740 649 1805 691 ¹At
1823 649 1923 687 enim
1938 650 2050 687 dices.
2087 647 2219 688 Taedet

1643 713 1703 738 me
1731 702 1869 752 operis,
1900 701 2000 753 quod
2028 703 2071 741 fit
2105 701 2167 741 hic
2196 704 2219 742 ὲ

1641 753 1752 790 servis
1771 754 1879 801 meis,
1907 756 1972 805 qui
2000 755 2111 792 nimis
2140 769 2222 794 ces-

1641 818 1721 843 sare
1738 806 1879 852 solent;
1909 808 1993 845 ideo
2020 809 2122 859 operi
2143 822 2221 846 ma-

1644 870 1732 895 num
1750 858 1841 896 libet
1859 860 2063 898 admovere.
2116 861 2172 899 At
2190 863 2222 900 si

1643 923 1764 948 sumas
1777 912 1814 948 id
1826 912 1973 959 laboris,
1985 913 2085 964 quod
2097 915 2221 965 perdis
2278 954 2282 955 ⁷

1644 964 1827 1014 operando
1843 965 1880 1002 in
1899 978 2000 1017 agro,
2017 967 2056 1003 in
2075 967 2147 1005 illis
2163 969 2223 1005 in-

1644 1017 1802 1054 citandis
1820 1017 1864 1054 ad
1878 1031 1971 1068 opus
1989 1017 2220 1067 faciendum5
2244 1020 2248 1021 ⁷

1645 1070 1762 1121 magis
1782 1070 1932 1109 utilitati
1953 1080 2028 1109 tuae
2045 1075 2225 1124 prospici-

1647 1134 1698 1159 as.
1727 1123 1806 1159 Me.
1823 1121 1860 1160 O
1874 1122 2058 1162 Chreme!
2075 1134 2222 1164 tantum

1647 1174 1718 1211 tibi
1737 1185 1838 1213 vacat
1856 1176 1878 1213 ὃ.
1898 1178 1972 1214 tuis
1992 1179 2164 1229 negotiiS,
2182 1188 2228 1218 ut

1649 1226 1694 1264 de
1724 1227 1854 1265 alicnis
1883 1229 2065 1268 sollicitus
2083 1232 2153 1278 sis;
2184 1241 2225 1270 et

1649 1281 1852 1330 praesertim
1880 1282 1925 1319 de
1953 1281 2011 1320 his
2029 1297 2113 1332 quae
2131 1283 2228 1322 nihil

1650 1333 1694 1370 ad
1707 1342 1745 1370 te
1759 1336 1949 1384 spectant?
1985 1333 2052 1373 Ch.
2066 1334 2150 1388 Ego
2163 1350 2226 1377 me

1649 1383 1842 1424 hominem
1853 1401 1933 1426 esse
1943 1399 2126 1439 cognosco
2139 1404 2149 1427 ι
2167 1392 2228 1428 ni-

1649 1435 1704 1475 hil
1723 1439 1822 1488 quod
1852 1441 1897 1484 ad
1920 1439 2110 1480 hominem
2142 1457 2228 1494 per-
2265 1445 2267 1447 ’

1650 1492 1762 1538 tinet,
1782 1493 1827 1531 ad
1854 1507 1914 1531 me
1939 1507 2016 1531 non
2041 1496 2226 1545 pertinere

1649 1544 1818 1583 arbitror.
1866 1544 1935 1585 Vel
1955 1548 2125 1585 monendi
2140 1561 2228 1587 cau-

1649 1596 1702 1643 sfi,
1722 1598 1778 1635 vel
1809 1599 2034 1650 inquirendi,
2057 1614 2118 1638 me
2145 1600 2228 1640 haec

1648 1650 1718 1687 tibi
1730 1651 1859 1688 ‘dicere
1878 1661 1988 1703 puta:
2016 1654 2229 1705 inquirendi

1650 1703 1772 1749 causa,
1793 1713 1835 1741 ut
1859 1706 1890 1742 si
1922 1704 1993 1743 hoc
2022 1707 2120 1756 quod
2138 1707 2230 1746 facis

1651 1765 1795 1794 rectum
1813 1767 1883 1804 est,
1902 1771 1972 1810 ego
1999 1772 2146 1812 quoque
2174 1762 2230 1799 sic

1652 1807 1802 1855 faciam3
1833 1811 2006 1849 monendi
2033 1813 2154 1859 causfi,
2186 1824 2231 1852 ut

1653 1862 1686 1898 si
1701 1872 1840 1901 rectum
1861 1877 1934 1901 non
1955 1874 2025 1911 est,
2046 1865 2084 1903 id
2109 1866 2230 1905 facere

1653 1915 1723 1953 tibi
1741 1916 1980 1954 dissuadeam.
2026 1913 2104 1957 Me.
2122 1918 2230 1958 Utile

1653 1976 1708 2005 est
1723 1967 1815 2006 mihi
1830 1970 1883 2006 sic
1896 1968 2035 2008 facere:
2062 1980 2104 2009 tu
2117 1970 2232 2011 Facito

1652 2032 1695 2058 ut
1708 2022 1776 2059 tibi
1795 2035 1888 2072 opus
1903 2036 1982 2060 esse
2001 2035 2121 2075 putas.
2158 2025 2234 2064 Ch.

1652 2072 1714 2111 An
1733 2074 1826 2112 utile
1844 2084 1900 2113 est
1918 2077 2088 2127 cuiquam
2108 2076 2231 2117 homi·

1654 2127 1708 2172 ni,
1735 2136 1777 2165 ut
1794 2140 1833 2164 se
1858 2136 2043 2178 torqueat,
2071 2138 2110 2175 et
2135 2131 2231 2170 affli-

1652 2180 1740 2231 gat?
1772 2180 1850 2218 Me.
1879 2179 1982 2219 Mihi
1997 2183 2034 2220 id
2051 2184 2141 2222 utile
2159 2192 2232 2223 est.

1657 2232 1726 2270 Ch.
1755 2230 1796 2270 Si
1815 2234 1897 2283 quis
1924 2234 2026 2272 labor
2052 2245 2148 2275 esset
2167 2251 2232 2277 ue-
2308 2228 2314 2234 Χ

1653 2287 1844 2332 cessamus,
1878 2287 2015 2326 nollem
2045 2299 2081 2326 te
2110 2303 2234 2341 repre-

1652 2336 1833 2376 hendere:
1862 2341 1926 2378 sed
1950 2342 2049 2391 quod
2073 2341 2233 2382 inform·
2258 2375 2261 2377 .

1654 2392 1758 2437 nium
1777 2402 1833 2429 est
1850 2391 1973 2430 isthuc
2000 2395 2099 2443 quod
2126 2405 2233 2447 pate-

1653 2445 1728 2481 ris?
1751 2443 1931 2491 Obsecro,
1946 2447 2009 2495 qui
2022 2447 2123 2486 dtam
2135 2449 2235 2488 male

1653 2496 1700 2534 de
1729 2505 1767 2534 te
1798 2499 1979 2544 meruisti,
2014 2510 2054 2537 ut
2082 2511 2122 2538 te
2150 2510 2229 2541 tam

1656 2550 1796 2600 perdite
1814 2549 1992 2589 affiictes?
2021 2553 2102 2591 Me.
2117 2551 2233 2594 Eheu

1656 2599 1716 2639 me
1767 2604 1964 2642 miserum!
2004 2605 2092 2646 ich.
2135 2605 2232 2646 Noli

1656 2654 1768 2701 flere3
1815 2654 1872 2693 fac
1908 2667 1950 2695 ut
1985 2659 2100 2698 sciam
2131 2660 2233 2700 istud

1658 2708 1835 2759 quidquid
1853 2716 1921 2747 est.
1974 2709 2067 2748 Noli
2094 2706 2231 2760 celere3

1659 2773 1707 2796 ne
1729 2761 1838 2798 time:
1867 2760 1962 2800 mihi
1980 2763 2090 2802 fidem
2113 2763 2234 2805 habe:

1659 2812 1784 2851 levabo
1816 2822 1854 2851 te
1885 2813 1955 2854 hac
1971 2817 2152 2866 molestia,
2171 2827 2238 2858 aut

1659 2866 1949 2906 consolationem
1989 2868 2122 2917 dando,
2168 2882 2234 2911 aut

1658 2919 1899 2967 consulendo,
1930 2931 1994 2960 aut
2019 2924 2136 2975 reipsa
2162 2924 2235 2963 tibi

1657 2984 1807 3022 operam
1834 2974 2011 3012 uavando.
2065 2977 2142 3015 Me.
2165 2975 2236 3015 Via

177 3026 272 3064 scire
290 3026 379 3076 quid
405 3023 477 3064 hoc
497 3025 581 3062 est?
616 3021 685 3062 Ch'.
704 3021 764 3061 Ita
781 3025 879 3062 certe
893 3023 990 3068 volo,
1017 3033 1166 3075 propter
1183 3022 1279 3062 hanc
1298 3036 1459 3069 causam,
1476 3035 1587 3074 quam
1605 3023 1675 3062 tibi
1693 3025 1784 3070 dixi,
1802 3025 1972 3064 videlicet
1987 3037 2026 3065 ut
2045 3037 2082 3065 te
2091 3029 2235 3077 juvem0'

179 3079 259 3116 Me.
286 3077 444 3116 Dicetur
458 3078 537 3115 tibi.
569 3076 638 3116 Ch.
658 3076 712 3114 At
730 3077 896 3122 interim,
916 3076 1005 3114 dum
1022 3077 1136 3122 dices,
1153 3077 1297 3127 depone
1313 3078 1401 3114 istos
1417 3085 1561 3114 rastros.
1601 3077 1679 3115 Me.
1699 3075 1862 3116 Minime
1877 3091 1960 3116 sum
1985 3079 2232 3131 depositurus.

181 3131 252 3169 Ch.
266 3128 329 3167 Ne
347 3130 507 3168 laborare
526 3143 672 3182 pergas:
692 3130 780 3180 quid
793 3131 870 3182 agis
893 3139 930 3167 tc
949 3129 1000 3166 ita
1014 3130 1252 3168 macerando?
1276 3130 1355 3166 Me.
1373 3126 1499 3167 Patere
1514 3141 1573 3167 me
1591 3129 1766 3173 laborare,
1782 3139 1824 3168 ut
1844 3130 1945 3169 nullo
1960 3133 2039 3170 nbn-
2051 3143 2234 3186 tempore,

177 3181 302 3220 labore
319 3195 379 3220 me
398 3196 597 3220 exerceam.
629 3182 698 3221 Ch.
718 3180 808 3219 Non
826 3184 957 3234 patiar,
981 3182 1145 3231 inquam.
1199 3183 1277 3219 Me.
1307 3179 1391 3219 Ah!
1422 3182 1548 3232 inique
1566 3184 1659 3230 agis,
1677 3184 1741 3231 qui
1762 3181 1853 3220 mihi
1873 3183 2052 3223 laboranti
2077 3188 2232 3239 impedi-
2266 3199 2268 3201 ’

179 3244 307 3272 mento
319 3236 381 3272 sis.
413 3235 481 3273 Ch.
502 3234 602 3272 Hui!
632 3235 796 3281 obsecro,
821 3244 895 3273 tam
915 3235 1137 3286 ponderosos
1156 3244 1279 3286 portas
1296 3232 1364 3272 hos
1382 3235 1544 3272 rastros?
1574 3235 1652 3272 Me.
1671 3232 1800 3280 Poena,
1819 3237 1893 3286 qu&
1909 3236 2043 3287 dignus
2060 3251 2158 3285 sum,
2177 3241 2232 3279 sie

179 3287 356 3340 postulat.
387 3286 456 3325 Ch.
477 3286 589 3325 Nunc
609 3287 754 3339 explica
780 3300 942 3334 causam,
969 3300 1033 3326 cur
1062 3297 1097 3324 te
1119 3289 1269 3326 crucias.
1323 3288 1404 3324 Ilqe.
1431 3284 1498 3325 Est
1526 3285 1617 3324 mihi
1646 3287 1742 3324 filius
1763 3290 1894 3326 unicus
1918 3289 2232 3332 adolescentulus:

181 3338 249 3377 ah!
279 3339 368 3389 quid
386 3339 458 3376 dixi
477 3337 570 3377 mihi
589 3353 683 3385 esse,
702 3341 726 3378 ὀ
757 3337 946 3378 Chreme?
977 3341 1039 3377 sed
1063 3338 1143 3390 suit
1161 3338 1255 3383 mihi
1279 3338 1452 3377 antehac:
1484 3351 1582 3376 nunc
1602 3340 1727 3377 utrum
1746 3340 1810 3386 sit,
1837 3354 1966 3388 necne,
1993 3342 2147 3384 dubium
2163 3355 2236 3384 est.

184 3392 255 3431 Ch.
288 3392 364 3430 Cur
390 3392 485 3429 istud
505 3394 555 3429 ita
572 3401 636 3437 est,
658 3400 700 3429 ut
718 3405 817 3430 nune
844 3406 920 3430 non
942 3391 1077 3430 habeas
1098 3392 1244 3431 filium?
1283 3392 1540 3431 MecAudies:
1568 3392 1704 3439 vetula,
1738 3404 1868 3444 egena,
1887 3397 2078 3449 peregrina
2095 3409 2142 3438 ex
2158 3396 2235 3437 Co-
2292 3411 2295 3418 ·

180 3442 307 3484 rintho
321 3444 412 3483 urbe
423 3443 594 3504 giclmiae,
613 3443 756 3483 habitat
774 3446 814 3482 in
830 3442 903 3483 hoc
921 3444 1071 3498 oppitlo.

1044 3587 1375 3629 ANNOTATIO.

446 3710 500 3743 ‘20
526 3700 578 3743 At
595 3703 691 3744 enim
710 3702 840 3755 dices]
890 3700 1205 3758 Anthypophora3
1233 3703 1425 3758 responsio
1439 3703 1484 3744 ad
1503 3716 1547 3745 ea
1565 3715 1650 3758 quae
1667 3703 1777 3758 objici
1795 3715 1959 3760 possent.
