2352 3952
1034 140 1594 199 PROLEGOMENA

2120 261 2161 278 1...

449 296 623 333 caetera
659 285 974 349 percurrisse3
1026 303 1120 334 non
1157 289 1257 334 sine
1294 287 1466 353 magna
1500 290 1683 339 Caecilii
1717 292 2047 343 admiratione.
2111 283 2175 345 Et

449 352 576 400 hanc
619 364 780 399 autem
830 362 876 398 et
926 353 1136 416 quinque
1177 354 1385 419 reliquas
1428 359 1676 421 aequaliter
1714 360 1894 423 populo
1938 362 2174 425 probavit.

450 420 684 477 Quamvis
707 419 957 466 Volcatius
979 420 1038 466 de
1061 421 1413 469 enumeratione
1435 426 1644 474 omnium
1670 426 1739 474 ita
1761 428 1953 478 scribit:

580 546 784 595 Sumetur
803 545 992 609 Hecyra
1013 557 1138 593 sexta
1159 562 1211 594 ex
1232 547 1294 593 iis
1302 545 1484 614 fabula.
1539 579 1541 581 ·

518 653 782 702 Eunuchus
805 652 997 716 quidem
1034 652 1103 700 bis
1138 659 1248 700 acta
1282 660 1371 711 est,
1396 655 1666 719 meruitque
1698 659 1904 722 pretium
1941 672 2175 724 quantum

450 722 595 768 nulla,
619 729 761 768 antea
793 720 1081 782 cujusquam
1117 722 1373 778 comoedia,
1398 722 1447 768 id
1479 732 1564 779 est,
1589 730 1700 771 octo
1734 728 1885 775 millia
1909 730 2176 780 nummum.

447 790 712 852 Propterea
730 805 920 836 summa
941 802 1136 850 quoque
1160 788 1304 834 titulo
1326 789 1628 837 adscribitur.
1699 793 1826 841 Nam
1844 797 2179 860 Adelphorum

449 856 741 920 principium
773 857 931 903 Varro
955 855 1100 902 etiam
1135 855 1326 914 praefert
1348 855 1586 920 principio
1622 858 1892 911 Menandri.
1961 864 2071 912 Non
2095 867 2179 913 ob-

447 940 592 971 scura
615 924 742 980 fama
763 931 850 980 est,
875 920 1099 984 adjutum
1121 922 1397 970 Terentium
1431 924 1479 970 in
1503 924 1686 988 scriptis
1722 927 1750 974 a
1776 928 1923 976 Laelio
1945 939 1994 979 et
2029 933 2181 995 Scipi-

448 1008 558 1048 one,
595 990 884 1054 quibuscum
922 989 1216 1037 familiariter
1236 989 1372 1038 vixit.
1441 991 1654 1039 Eandem
1689 994 1787 1058 ipse
1822 997 1975 1046 auxit.
2042 1000 2181 1047 Nun-

449 1075 598 1123 quam
623 1059 767 1117 enim,
791 1058 880 1106 nisi
913 1057 1091 1114 leviter,
1117 1072 1164 1104 se
1199 1057 1346 1106 tutari
1382 1061 1598 1119 conatur,
1634 1067 1690 1108 ut
1720 1062 1770 1110 in
1804 1065 2000 1129 prologo
2033 1067 2178 1115 Adel·

448 1126 687 1191 phorum:
1483 1142 1485 1144 ·

578 1236 702 1285 Nam
723 1234 844 1298 quod
866 1234 945 1282 isti
966 1233 1118 1281 dicum
1138 1231 1360 1288 malevoli,
1386 1233 1577 1282 homines
1591 1236 1762 1284 nobiles

581 1302 722 1350 Hunc
742 1301 968 1362 adjutare,
990 1299 1255 1363 assidueque
1274 1298 1365 1346 und
1385 1300 1574 1348 scribere
1588 1320 1603 1347 .-

583 1366 720 1421 Quod
739 1367 815 1412 illi
834 1366 1113 1413 maledictum
1131 1365 1355 1413 vehemens
1374 1367 1651 1429 existimant,

579 1433 699 1479 Eam
720 1432 894 1478 laudem
915 1431 990 1478 lzz'c
1015 1432 1138 1490 ducit
1161 1433 1405 1478 maximam
1421 1451 1435 1476 .-
1469 1430 1572 1479 cu'm
1594 1434 1689 1480 illis
1703 1435 1872 1497 placet,

584 1499 677 1552 Qui
698 1496 821 1544 vobis·
837 1498 1058 1544 universis
1077 1507 1119 1543 et
1131 1498 1307 1559 populo
1319 1498 1514 1559 placent.

583 1565 785 1617 Quorum
805 1561 942 1624 operti
963 1562 1012 1608 in
1035 1562 1161 1614 bello,
1186 1565 1235 1609 in
1257 1564 1366 1616 otia,
1385 1564 1432 1608 in
1452 1565 1646 1625 negotio,

582 1630 675 1677 Suo
698 1629 881 1692 quisque
902 1639 1092 1690 tempore
1109 1627 1208 1674 usu’
1232 1638 1294 1674 est
1315 1629 1408 1675 sine
1428 1628 1653 1692 superbiri.

519 1737 728 1787 Videtur
746 1743 910 1784 autem
934 1752 982 1784 se
1005 1734 1155 1783 levius
1180 1735 1455 1794 defendisse,
1481 1735 1594 1800 quia
1616 1723 1811 1795 sciebat,
1829 1736 1974 1788 Laelio
1997 1745 2047 1788 et
2080 1741 2183 1790 Sci-

450 1806 582 1872 pioni
607 1822 703 1853 non
737 1803 973 1867 ingratam
1007 1819 1105 1851 esse
1128 1803 1253 1850 hanc
1282 1803 1584 1867 opinionem:
1621 1819 1728 1866 quae
1763 1814 1922 1854 tamen
1957 1809 2104 1872 magis
2138 1817 2187 1860 et

450 1876 604 1938 usque
635 1873 696 1920 ad
731 1872 995 1935 posteriora
1028 1879 1247 1934 tempora
1278 1870 1445 1918 valuit.
1514 1871 1577 1928 Q.
1602 1871 1933 1926 Memmiusin
1968 1877 2186 1930 oratione

449 1958 542 2007 pro
577 1958 626 1989 se
660 1939 756 1987 ait:
793 1939 847 1988 P.
883 1927 1173 1993 Africanus,⁰
1195 1937 1278 2001 qui
1312 1937 1342 1984 a
1375 1938 1606 1986 Terentio
1630 1956 1879 2002 personam
1915 1949 2184 2004 mutuatUS,

452 2025 559 2074 quae
583 2008 711 2055 domi
735 2007 916 2054 luserat
939 2007 1055 2069 ipse,
1079 2005 1272 2052 nomine
1296 2004 1431 2053 illius·
1457 2006 1507 2053 in
1542 2021 1732 2054 scenam
1758 2008 1950 2058 detulit.
2020 2009 2186 2074 Nepos

450 2085 652 2149 auctore
688 2082 821 2122 certo
857 2073 1138 2136 comperisse
1184 2089 1233 2120 se
1272 2072 1357 2130 ait,
1393 2073 1447 2121 C.
1484 2072 1687 2122 Laelium
1721 2076 1963 2138 quondam
2003 2077 2054 2125 in
2094 2079 2189 2127 Pu-

454 2145 649 2194 teolano
683 2141 912 2189 Kalendis
947 2140 1140 2188 Martiis
1187 2139 1486 2188 admonitum
1535 2142 1597 2188 ab
1631 2157 1800 2202 uxore,
1836 2145 2094 2208 temporius
2130 2153 2190 2196 ut

453 2212 793 2267 discumberet,
828 2208 1016 2273 petiisse
1049 2209 1111 2255 ab
1146 2203 1220 2266 ea,
1254 2215 1314 2255 ne
1349 2207 1761 2272 interpellaretur:
1814 2210 1961 2259 serius
1997 2214 2189 2263 tandem

451 2281 718 2344 ingressum
754 2272 1037 2334 triclinium,
1075 2275 1268 2334 dixisse,
1293 2283 1388 2340 non'
1418 2292 1541 2340 saepe
1563 2277 1612 2323 in
1635 2277 1887 2326 scribendo
1909 2280 2056 2344 magis
2078 2297 2189 2330 suc-

452 2348 647 2396 cessisse
689 2345 806 2393 sibi:
843 2344 1014 2391 deinde
1049 2351 1266 2406 rogatum
1301 2341 1371 2389 ut*
1391 2344 1567 2407 scripta
1590 2343 1674 2391 illa
1704 2346 1953 2409 proferret,
1975 2364 2191 2413 pronun.

453 2415 602 2466 ciasse
626 2429 782 2461 versus
809 2412 892 2476 qui
915 2418 1028 2459 sunt
1049 2411 1098 2458 in
1123 2410 1704 2460 Heautontimorumeno:

585 2546 701 2595 Sati’
715 2547 803 2610 pol
816 2545 1027 2609 proterve¹
1050 2561 1118 2593 me
1141 2542 1248 2607 Syri
1267 2545 1490 2608 promissa
1512 2544 1596 2594 leuc
1617 2545 1903 2595 induxerunt.

524 2682 698 2731 Santra
721 2680 1003 2729 Terentium
1031 2679 1286 2737 existimat,
1312 2679 1350 2726 si
1374 2678 1520 2725 modo
1546 2679 1593 2726 in
1615 2681 1864 2728 scribendo
1879 2680 2190 2743 <adjutoribus

456 2749 730 2814 indiguerit,
750 2766 845 2796 non
863 2757 962 2797 tam
985 2747 1211 2810 Scipione
1229 2755 1276 2793 et
1294 2746 1442 2793 Laelio
1462 2747 1528 2793 uti
1556 2749 1777 2811 potuisse,
1795 2749 1875 2812 qui
1898 2757 2011 2796 tunc
2031 2748 2193 2797 adole·

456 2817 661 2866 scentuli
680 2817 826 2874 fuere,
845 2815 990 2878 quam
1011 2814 1226 2878 Sulpicio
1239 2814 1402 2872 Galle,
1417 2813 1610 2875 homine
1622 2816 1781 2872 docto,
1801 2823 1848 2863 et
1866 2813 1947 2878 qui
1970 2817 2192 2864 consula-

456 2886 588 2934 ribus
617 2884 742 2932 ludis
777 2883 967 2930 initium
1003 2883 1169 2930 fecerit
1194 2882 1467 2928 fabularum
1502 2882 1795 2929 dandarum:
1832 2883 1906 2930 vel
1945 2881 2008 2940 Q.
2042 2884 2190 2932 Fabio

458 2954 700 3010 Labeone,
726 2957 774 2998 et
812 2949 1116 3012 M.VP0pi1io,
1154 2949 1394 2995 consulari
1430 2956 1634 3011 utroque
1668 2966 1725 2997 ac
1762 2947 1937 3012 poeta:
1973 2950 2079 2998 ideo
2113 2951 2186 3014 ip-

457 3037 563 3069 sum
599 3036 695 3066 non
722 3019 920 3081 juvenes
956 3016 1229 3080 designasse,
1266 3014 1346 3079 qui
1385 3031 1432 3062 se
1476 3016 1711 3077 adjuvisse
1757 3017 2062 3073 dicerentur;
2109 3019 2190 3065 sed

455 3089 600 3146 virm,
637 3101 843 3149 quorum
878 3099 1074 3149 operam
1108 3091 1156 3131 et
1191 3083 1238 3130 in
1277 3082 1418 3142 belle,
1442 3091 1490 3131 et
1518 3084 1566 3130 in
1590 3084 1704 3142 otio,
1730 3094 1778 3131 et
1812 3085 1861 3132 in
1897 3085 2084 3148 negotio
2110 3103 2193 3148 po-

454 3156 600 3221 pulus
621 3155 682 3202 sit
704 3160 948 3216 expertus.
1017 3151 1131 3199 Post
1154 3151 1302 3198 editas
1337 3151 1595 3198 comoedias
1630 3153 1858 3212 nondum'-
1879 3151 2097 3216 quintum
2125 3163 2196 3198 at-

460 3239 555 3287 que
578 3221 870 3285 trigesimum
894 3233 1103 3282 egressus
1132 3234 1327 3275 annum,
1364 3221 1520 3278 causa*
1539 3219 1768 3281 evitandae
1802 3215 2053 3284 opinionis,
2079 3219 2194 3280 q'uia

458 3292 711 3337 videbatur
733 3288 890 3335 aliena
907 3304 996 3349 pro
1020 3286 1115 3334 suis
1140 3286 1292 3343 edere,
1316 3301 1396 3331 seu
1433 3286 1725 3348 percipiendi
1753 3287 2035 3335 Graecorum
2061 3286 2194 3333 insti-

462 3367 568 3404 tuta
592 3362 854 3418 moresque,
873 3370 990 3416 quos
1008 3354 1204 3416 perinde
1228 3351 1514 3417 exprimeret
1536 3353 1583 3399 in
1604 3355 1788 3416 scriptis
1807 3373 1820 3411 3
1846 3350 2054 3417 egressus
2073 3356 2191 3403 urbe

460 3435 545 3484 est,
571 3439 723 3487 neque
748 3419 950 3485 amplius
974 3421 1130 3468 rediit.
1203 3421 1279 3467 De
1302 3428 1452 3467 morte
1475 3420 1579 3482 ejus
1598 3422 1853 3469 Volcatius
1877 3421 2023 3473 tradit
2043 3438 2056 3469 2

591 3556 685 3604 Sed
704 3566 752 3602 ut
770 3554 883 3614 Afer
902 3571 979 3602 sex
994 3553 1166 3618 populo
1189 3552 1339 3599 edidit
1359 3554 1608 3609 comoedz‘as,

594 3625 687 3669 Iter
707 3623 811 3669 hinc
833 3624 882 3668 in
904 3620 1064 3668 Asiam
1074 3620 1192 3677 ficit
1208 3641 1224 3676 ,-
1259 3619 1411 3665 navim
1434 3616 1685 3667 cu'mksemel

598 3687 876 3743 Conscendit,
910 3688 1032 3735 visus
1054 3682 1278 3750 nunquam
1298 3694 1389 3733 est,-
1423 3685 1492 3733 sic
1513 3683 1613 3734 vitei
1634 3694 1785 3732 vacat.
