2340 3964
110 198 170 253 lii
1043 197 1600 262 PROLEGOMENA

586 347 682 397 Pa.·
710 350 830 396 Nam
853 347 966 411 qaid
986 363 1066 411 ego
1087 348 1240 409 dicam
1263 349 1321 395 de
1332 361 1466 411 patre
1483 356 1507 398 ,Ρ
1539 352 1615 408 ah,

593 415 836 461 Tcmtamne
857 429 948 458 rem
969 426 1060 459 tam
1082 415 1354 477 negligenter
1377 432 1508 479 agere
1527 421 1552 464 ἓ
1575 417 1834 482 praeteriens
1855 419 2004 466 modd.

410 496 417 514 x
521 477 721 525 Versum
761 495 965 540 primum
1003 495 1103 526 esse
1143 482 1290 526 voluit
1333 480 1554 529 Erasmus
1592 483 1848 531 iambicum
1887 482 2185 533 octonarium

449 545 590 605 justae
615 560 867 597 mensurae,
894 544 937 589 id
960 546 1085 591 enim
1108 544 1266 592 dicere
1288 546 1491 592 solemus
1509 549 1877 596 acatalecticum.
1913 549 2187 598 Secundum

371 596 383 639 l
456 610 751 654 octonarium
776 626 976 672 quoque,
1003 613 1077 656 cui
1102 621 1263 658 tamen
1289 613 1534 658 accinatur
1555 621 1603 659 et
1635 613 1914 661 adnectatur
1937 631 2186 664 monome-

457 684 543 727 ter‚
572 674 664 720 hoc
689 683 773 728 est,
798 692 907 730 una,
935 689 983 722 ut
1008 677 1166 722 Graeci
1189 681 1378 733 Vocant,
1421 675 1612 733 διποδία,
1638 693 1696 724 ea
1719 691 1874 727 autem
1901 682 2006 736 erit,
2043 687 2092 728 ιῖι
2115 688 2183 729 me

455 740 523 785 lia
548 746 622 785 Est.
652 740 716 785 At
740 756 832 787 non
859 742 1089 788 accinitur
1112 742 1317 795 iambico
1341 745 1600 796 octonario,
1627 741 1706 790 sed
1725 747 1929 792 scazonti
1950 762 1962 793 ε
1989 757 2183 794 octavus

457 820 587 851 enim
624 821 708 867 pes
739 807 995 867 'spondaeus
1032 817 1130 854 est:
1171 807 1304 855 valde
1340 809 1454 855 mihi
1492 817 1726 871 praeterea
1755 819 1971 872 argutum
1995 811 2182 859 videtur

455 870 502 916 in
529 870 695 917 eaden·
722 871 929 919 dictione
953 883 1001 918 et
1021 874 1250 937 octonarii
1277 874 1438 930 finem,
1475 889 1522 922 et
1555 876 2066 939 monometri‘q'uaerere
2090 878 2181 924 ini-

454 935 588 983 tium.
656 937 868 984 'serrium
897 939 1155 985 iambicum
1181 941 1474 986 octonarium
1500 957 1600 987 esse
1626 941 1787 993 voluit,
1821 941 1947 1002 quod
1969 941 2071 1000 fieri
2093 945 2184 990 mi-

453 1000 584 1047 nime
622 1014 792 1065 potest,
833 1003 946 1051 cum
971 1005 1119 1056 -lzodz'e
1151 1015 1419 1052 extremum
1455 1006 1712 1069 producat:
1752 1015 1971 1069 quartum
1998 1010 2186 1071 generis

453 1068 678 1127 ejusdem,
713 1068 966 1116 dimetrum
992 1071 1222 1132 quintum,
1259 1078 1443 1118 sextum
1467 1073 1758 1119 trochaicum
1783 1072 2078 1120 octonarium
2101 1090 2184 1122 ca-

452 1134 743 1189 talecticum,
769 1133 878 1180 crim
903 1146 955 1181 et·
974 1137 1148 1199 priores
1171 1153 1332 1183 omnes
1358 1137 1550 1184 iambici
1573 1139 1680 1192 sint,
1705 1153 1857 1200 neque
1881 1138 1970 1184 nisi
1992 1138 2187 1205 iambici

453 1210 722 1262 sequantur.
792 1201 1028 1248 Octavum
1064 1203 1358 1250 octonarium
1384 1202 1498 1250 fecit
1519 1203 1794 1258 iambicum,
1830 1203 2186 1262 nonumdime-

453 1272 579 1311 trum
606 1267 879 1315 iambicum.
954 1268 1205 1315 Decimum
1229 1269 1524 1315 octonarium
1548 1269 1821 1323 iambicum,
1858 1269 1895 1314 si
1920 1263 2111 1331 quidem
2135 1268 2199 1317 in'

453 1332 741 1385 invenustum,
763 1348 793 1377 a
820 1333 1021 1393 primum
1046 1334 1209 1392 elidas,
1233 1334 1355 1397 quod
1381 1335 1569 1397 quidem
1595 1335 1634 1381 si
1656 1335 1804 1382 verba
1824 1333 2010 1382 modice
2034 1345 2189 1382 trans-

454 1413 619 1459 ponas,
645 1397 838 1446 minzme
859 1409 929 1446 est
947 1416 1086 1462 opus:
1118 1400 1439 1454 undecimum,
1464 1400 1717 1447 dimetrum
1738 1399 2029 1447 redundante
2049 1399 2187 1464 pede,

451 1478 630 1509 novum
657 1463 783 1517 sane,
824 1476 874 1511 ut
901 1466 1057 1512 dicam
1092 1464 1344 1520 levissime,
1386 1482 1533 1528 genus
1567 1467 1815 1514 carminis:
1857 1466 1984 1513 hunc
2007 1466 2088 1532 qui
2111 1478 2198 1514 see-¹

454 1528 614 1592 quitur
637 1530 931 1583 octonarium
954 1547 1110 1577 rursus
1133 1532 1406 1585 iambicum,
1443 1541 1550 1593 post
1572 1547 1715 1594 quem
1738 1532 2018 1587 trimetrum,
2054 1533 2184 1596 sequi

453 1595 604 1641 voluit
627 1595 893 1642 trochaicos
915 1609 1008 1642 tres
1026 1606 1341 1651 tetrametrOS,
1364 1597 1666 1643 catalecticos
1689 1610 1772 1644 eos
1786 1595 1995 1660 quidem,
2017 1598 2187 1661 quibus

455 1660 700 1721 subjunxit
724 1660 978 1708 dimetrum
1010 1663 1269 1710 iambicum
1304 1661 1681 1718 acatalecticum,
1718 1661 1829 1709 cum
1852 1660 2040 1709 dimetri
2062 1662 2188 1724 ejus-

452 1725 560 1772 dem
587 1742 686 1772 esse
711 1730 894 1790 generis
917 1730 1099 1776 soleant
1123 1745 1232 1776 cum
1259 1729 1312 1774 iis
1335 1727 1706 1791 quibusfuerint
1727 1728 1914 1790 adjecti.
1984 1727 2106 1776 Haec
2129 1730 2185 1785 si,

453 1793 854 1855 quemadmodum
891 1794 1113 1841 Erasmus
1144 1795 1264 1847 „vult,
1300 1794 1486 1856 scripsit
1507 1793 1772 1859 TerentiuS,
1801 1794 1918 1841 mihi
1939 1794 2189 1843 certe-non

452 1865 524 1905 est
548 1861 724 1920 poeta:
763 1867 812 1904 at
834 1875 988 1922 neque
1014 1861 1079 1906 ita
1101 1861 1320 1923 scripsit3
1358 1875 1509 1922 neque
1532 1858 1578 1906 id
1597 1875 1681 1906 nos
1705 1859 1867 1922 putare
1889 1866 2203 1924 estaequuhmss

453 1923 608 1985 Quem
637 1926 791 1970 locum
814 1937 1062 1988 antequam
1090 1926 1137 1972 in
1160 1943 1241 1972 eos
1264 1941 1423 1972 versus
1445 1925 1626 1988 redigo,
1650 1926 1820 1988 quibus
1841 1941 1941 1971 esse
1958 1923 1989 1972 ὰ
2006 1923 2202 1972 Teren-⁶

452 1989 520 2035 tio
553 1989 779 2052 scriptum
820 1991 877 2036 sit
920 1991 1186 2048 verisimile,
1223 1991 1399 2038 notabo
1440 2002 1618 2054 quanta
1654 1991 1713 2037 sit
1746 1990 1797 2037 in
1830 1989 2188 2053 exemplaribus

451 2056 670 2109 varietas,
704 2066 843 2118 atque
870 2057 1165 2104 incertitudO.
1230 2057 1287 2104 In
1323 2073 1460 2104 versu
1483 2057 1636 2120 primo
1658 2057 1910 2119 utrobique
1932 2055 2116 2103 hoccine
2138 2057 2189 2103 in

453 2121 556 2168 aliis
579 2122 933 2184 exemplaribus
958 2124 1155 2187 reperio,
1176 2123 1359 2186 reperio
1382 2132 1429 2168 et
1437 2125 1572 2181 factu
1595 2132 1644 2169 et
1666 2124 1859 2185 inceptu,
1881 2120 2007 2185 quod
2030 2120 2060 2168 ὰ
2083 2121 2199 2170 Do-’

450 2196 565 2234 nato
587 2203 771 2250 quoque
797 2187 1007 2235 videmus
1031 2198 1323 2244 annotatum.
1382 2189 1436 2235 In
1459 2187 1665 2235 secundo
1683 2185 2190 2252 vetustumiexempl'ar

450 2269 561 2300 non·
588 2253 732 2298 habet
761 2253 913 2312 fidem,
954 2254 1191 2318 quomodo
1225 2254 1415 2302 interim
1455 2255 1638 2301 locutus
1670 2262 1741 2301 est
1778 2256 1944 2316 poeta.-
1990 2252 2039 2299 in
2075 2252 2198 2308 alio,

450 2329 586 2383 atque
607 2318 829 2365 hominum
854 2336 949 2378 non
974 2322 1187 2384 reperio,
1209 2330 1347 2384 atque
1370 2321 1438 2367 ita
1458 2337 1644 2384 quoque
1669 2319 1909 2382 scripsisse
1933 2317 2203 2430 aliquandw

448 2384 727 2432 Terentium
763 2386 1115 2434 animadverto:
1170 2387 1216 2432 in
1252 2387 1389 2433 tertio
1423 2387 1550 2441 dare,
1590 2386 1639 2431 in
1673 2385 1907 2448 aliquibus
1934 2399 2000 2431 co
2035 2383 2188 2431 icibus

450 2456 545 2497 non
572 2451 777 2513 legitur:
815 2468 970 2514 neque
1003 2468 1195 2500 carmen
1220 2452 1444 2515 postulat,
1480 2460 1530 2498 et
1552 2451 1695 2510 iratus
1719 2450 2015 2514 supprimere
2036 2449 2201 2496 multa²

395 2538 397 2540 ·
449 2517 573 2564 solet
592 2532 606 2575 ;
644 2532 752 2579 quae
776 2515 886 2563 cum
906 2518 1175 2565 adscribere
1193 2518 1376 2564 soleant
1394 2517 1691 2580 interpreteS,
1716 2516 1763 2562 in
1782 2531 1969 2564 versum
1985 2513 2040 2562 fit
2056 2530 2188 2578 saepe

400 2592 405 2596 ”
448 2591 503 2628 ut
526 2582 852 2630 admittantur.
893 2583 965 2638 Se,
991 2595 1226 2649 praeterea
1250 2584 1388 2630 video
1409 2585 1717 2646 geminatum,
1739 2593 1789 2629 et
1813 2598 1901 2646 pro
1926 2579 2184 2644 denegarat,

452 2648 750 2712 denegaverat
771 2648 1223 2713 scriptum‘reperioss
1286 2650 1316 2697 J
1323 2664 1398 2695 am
1421 2651 1466 2695 in
1492 2658 1660 2695 octavo
1685 2663 1771 2710 pro
1799 2649 1924 2711 qaia,
1958 2647 2186 2710 quoniam.

452 2714 550 2761 Ubi
575 2723 738 2777 postea
767 2713 1015 2770 Chremetis,
1045 2715 1267 2764 Clu-emis.-
1302 2715 1399 2770 ubi,
1434 2716 1540 2770 itur,
1567 2717 1696 2761 itum.
1764 2713 1949 2777 Accipe
1981 2726 2109 2758 nunc
2132 2719 2186 2758 ut

450 2796 612 2826 versus
636 2779 720 2826 hos
739 2779 947 2844 putarim
970 2786 1020 2829 et
1041 2783 1240 2845 scriptos
1265 2780 1404 2828 fuisse
1428 2790 1476 2827 et
1497 2796 1600 2827 esse
1622 2777 1980 2843 distinguendos
1999 2791 2012 2824 ε

516 2845 569 2892 Ρ.
606 2845 810 2893 Hoccz'ne
831 2850 1016 2904 factam
1049 2859 1110 2895 est
1141 2847 1375 2894 humanum
1408 2856 1487 2893 aut
1521 2848 1717 2909 ineptum
1731 2848 1755 2891 ,ἓ
1786 2845 1964 2892 hoccine
1995 2842 2186 2902 qffieium

514 2910 627 2974 My.
668 2913 792 2964 Quid
813 2915 932 2960 alud
956 2916 1059 2959 est?
1973 2905 2144 2976 [patris
2163 2911 2188 2954 ἓ

514 2975 570 3024 Ρ.
612 2975 706 3022 Ρνό
731 2975 861 3024 dez‘c'm
885 2990 1015 3042 atque
1037 2979 1259 3026 hominum
1280 2977 1439 3037 fidem,
1473 2976 1585 3040 quid
1605 2987 1682 3032 est,
1713 2978 1755 3023 si
1778 2976 1860 3022 hoc
1880 2988 1970 3021 non
1990 2982 2054 3019 est
2073 2989 2184 3021 con·
2238 2991 2251 3004 ⁵

523 3042 716 3094 Uxorem
739 3042 943 3091 decrerat
966 3045 1080 3091 dare
1101 3060 1188 3091 sese
1208 3042 1269 3090 mi
1291 3043 1423 3090 hodie
1439 3062 1452 3088 .·
1487 3058 1629 3090 nonne
1648 3043 1842 3105 oportuit
1940 3039 2147 3101 [tumelia
2162 3042 2188 3086 ἓ

517 3106 733 3156 Ρνιεοῖεεσ
755 3125 820 3154 me
843 3111 949 3164 ante
969 3113 994 3156 ‚2
1025 3126 1167 3157 nonne
1178 3109 1310 3171 prins
1330 3111 1695 3158 communicatam
1716 3106 1914 3170 oportuit
1933 3108 1959 3152 ,Ρ

518 3173 629 3237 M'y.
664 3171 893 3222 Isti-seram
915 3193 995 3230 me,
1030 3175 1153 3240 quod
1173 3174 1349 3222 verbum
1372 3174 1514 3221 audio
1531 3177 1567 3220 3²-
1621 3173 1674 3221 Ρ.
1713 3173 1835 3220 Quid
1861 3169 2078 3225 Chreme-3,
2109 3171 2188 3236 qui

583 3240 880 3302 denegaverat

519 3301 579 3350 Se
602 3306 931 3352 commissurum
952 3308 1063 3354 mihi
1076 3319 1261 3370 gnatam
1282 3323 1408 3354 suam
1429 3321 1624 3359 uxorem,
1645 3305 1838 3352 mutavit
1857 3303 1924 3358 id,

522 3371 748 3420 ..Quoniam
768 3387 835 3418 me
856 3374 1134 3419 immutatum
1155 3374 1277 3420 videt
1294 3392 1308 3419 .-
1343 3373 1467 3419 itane
1489 3369 1707 3417 obstinate
1729 3370 1810 3417 dat
1831 3382 2027 3438 operam,
2050 3377 2102 3415 ut

521 3434 610 3482 Me
636 3437 665 3481 α’
695 3435 903 3500 Glycerio
925 3439 1128 3485 miserum
1151 3438 1386 3485 abstrahat
1403 3455 1417 3482 .·
1453 3435 1574 3500 quod
1595 3438 1635 3482 si
1644 3437 1721 3496 fit,
1747 3449 1885 3499 pereo
1892 3433 2122 3493 funditus.

519 3500 698 3551 Adedn’
733 3503 949 3550 hominem
967 3505 1240 3551 invenustum
1262 3519 1365 3558 esse,
1399 3511 1480 3550 aut
1496 3502 1725 3560 infelicem
1745 3515 2006 3565 quenquam,
2037 3509 2087 3546 ut
2107 3513 2186 3563 ego

584 3582 681 3614 sum
702 3571 727 3613 ,θ

521 3630 614 3679 Pro
639 3631 770 3684 deam
791 3645 922 3699 atque
940 3634 1331 3695 hominumfidem,
1353 3634 1477 3682 nullo
1493 3648 1574 3699 ego
1587 3641 1731 3696 pacto
1758 3630 1956 3680 Chremi-5
2022 3662 2028 3667 -
