2340 3964
813 161 825 172 ⁴
847 159 1343 218 TERENTIANA.

219 309 351 368 vero,
372 302 653 364 Hermola3,
667 304 805 356 valde
839 323 963 363 amo,
996 324 1136 373 quem
1168 324 1230 356 ne
1262 307 1349 355 ista
1382 307 1577 373 quidem
1609 310 1940 373 praeterierint.

218 375 312 424 Sed
336 391 455 448 perg
422 391 483 438 ge
504 373 563 422 ad
586 374 783 438 reliqua.
840 373 1008 421 Ham.
1033 373 1235 439 Pergam
1260 374 1407 439 igitur
1430 372 1489 423 ad
1513 373 1609 431 illa,
1634 391 1743 439 quae
1765 386 1873 424 sunt
1893 379 1946 425 in

194 443 195 446 ’
215 439 405 492 eadem
412 438 607 488 fabula·

345 505 586 555 Hunccine
605 515 703 553 erat
726 521 895 568 aequum
919 519 974 553 ex
1004 504 1131 551 illius
1147 520 1282 559 more,
1306 520 1367 551 an
1387 505 1516 551 illum
1536 521 1592 551 ex
1613 506 1743 568 hujus
1761 508 1908 556 vivere
1920 510 1965 583 ἔκ

346 571 410 621 Et
431 571 556 636 quod
573 571 700 618 illum
722 571 980 617 insimulant
1003 569 1175 623 durum,
1199 570 1253 616 id
1274 585 1362 616 non
1383 580 1475 615 est.-

346 637 472 684 Nam
482 649 719 699 parentum
740 638 918 699 injuria:
935 628 1192 682 uniusmodi
1212 644 1315 680 sunt
1322 635 1485 691 firme

346 701 554 750 Scortari
573 701 725 749 crebro
745 703 929 755 nolunt3
962 700 1117 747 nolunt
1137 699 1295 746 crebrd
1319 701 1615 746 convivarier.

281 767 422 818 Quod
442 776 578 815 extra
597 784 758 815 versus
780 764 980 814 eadem
965 780 1018 811 m
1035 764 1264 827 margine,
1290 765 1564 828 pusillisque
1586 765 1784 814 literulis
1800 777 1871 815 est
1892 778 1944 818 et
1958 811 1967 814 ,,

211 830 326 886 ime.
393 833 648 897 Virgilius·

347 899 583 946 Hunccine
605 909 662 952 te,
683 897 892 961 Euryale,
917 896 1119 957 aspicio.
1113 897 1134 931 9

221 995 223 998 <
275 964 391 1014 Ωιιο
406 965 533 1015 lecto
550 962 860 1011 animadverti
877 976 974 1008 non
989 969 1088 1006 tam
1111 957 1235 1007 belle
1251 957 1364 1016 dici,
1399 959 1541 1007 Hunc
1552 977 1634 1024 ego
1650 971 1708 1018 te,
1727 962 1939 1036 Euryale,

214 1032 406 1094 aspiciO,
431 1029 556 1093 quod
581 1037 652 1075 est
684 1027 734 1074 in
766 1027 898 1074 libris
921 1026 1159 1082 omnibu5‚
1183 1024 1327 1088 quim
1361 1025 1588 1081 hunccine,
1613 1029 1735 1091 quod
1774 1029 1822 1075 in
1845 1029 1940 1077 illo.

215 1093 374 1144 Pom.
410 1093 558 1147 Recte
576 1093 629 1150 id
643 1090 851 1156 quidem
864 1091 1244 1139 animadversum
1258 1093 1344 1139 abs
1362 1100 1409 1138 te
1430 1099 1514 1145 est,
1534 1091 1805 1141 Hermola3.
1855 1094 1944 1143 Illa

215 1161 347 1209 enim
369 1159 703 1223 interrogantis
724 1173 837 1212 vox,
872 1158 977 1211 NE,
1003 1156 1176 1204 doloris
1199 1165 1246 1205 et
1280 1147 1483 1222 querelis
1518 1159 1776 1248 aptissima,
1799 1176 1944 1224 quam

213 1225 388 1315 repetit
407 1224 579 1273 eodem
601 1239 739 1271 versu
759 1222 1020 1336 νίιςᾶιίιιὲε
1028 1289 1070 1335 Η

909 1304 996 1336 une
1017 1305 1033 1334 z
1069 1304 1098 1334 a
1117 1297 1298 1335 senectae

341 1354 456 1403 Sera
476 1355 583 1404 me'ae
602 1356 775 1419 requies

277 1419 327 1468 Si
351 1421 474 1470 desit
505 1421 743 1496 prioribus
776 1421 834 1468 iis
860 1421 909 1467 in
944 1418 1116 1473 verbiS,
1140 1431 1247 1482 quae
1277 1406 1468 1481 quidem
1497 1387 1648 1467 verba
1679 1419 1848 1469 eadem
1878 1421 1942 1478 vi,

211 1485 381 1535 eodem
402 1483 495 1535 oris
525 1487 694 1550 spiritu
728 1500 1031 1548 moeroreque
1065 1484 1385 1546 proferuntur,
1420 1483 1541 1531 desit
1574 1487 1717 1534 etiam
1750 1489 1946 1558 egregia

208 1550 377 1601 sensfis
399 1561 448 1599 et
467 1552 636 1616 figurae
660 1551 958 1599 concinnitas
976 1565 1167 1597 necesse
1190 1558 1275 1596 est.
1343 1547 1436 1595 Sed
1466 1550 1609 1597 velim
1633 1553 1750 1599 scire
1784 1569 1846 1600 ex
1879 1562 1942 1608 te,

211 1616 524 1694 posteaquam
548 1617 708 1664 hunc
695 1634 746 1663 ιιι
769 1617 927 1665 locum
949 1631 1105 1662 sermo
1126 1631 1205 1661 me
1229 1613 1453 1688 perduxit
1482 1623 1604 1670 tuus,
1626 1625 1679 1663 ut
1701 1617 1762 1665 de
1783 1619 1944 1683 Eury·-

214 1682 279 1731 ali
312 1685 474 1730 matris
510 1683 846 1730 lamentatione
880 1682 1196 1743 loqueremur,
1222 1680 1525 1727 existimesne
1559 1681 1690 1749 recte
1718 1683 1800 1730 illa
1831 1683 1943 1740 dici,

213 1763 323 1813 quae
345 1747 406 1797 de
429 1763 502 1804 e0,
529 1748 610 1812 qui
632 1744 778 1812 paulo
794 1746 991 1794 inferius
1014 1755 1100 1808 est,
1124 1761 1258 1792 versu
1283 1745 1440 1792 attulit
1462 1739 1664 1803 Servius,
1853 1770 1855 1773 ·

642 1826 647 1831 “
801 1813 901 1860 Nec
923 1822 965 1859 te
986 1805 1239 1870 tuafunere
1256 1819 1403 1857 mater

343 1876 580 1927 Produxi}

239 1942 344 1992 Ut
352 1945 524 2003 fiunem
547 1944 607 1991 sit
632 1960 717 2008 pro
724 1946 918 2003 fitnerea
931 1940 1159 2007 positum,
1187 1939 1246 1988 ad
1269 1939 1615 2006 mulieremque
1638 1944 1906 1994 referatur?

279 2008 445 2057 Helm.
480 2011 560 2057 An
594 2018 647 2057 tu
678 2026 756 2057 me
781 2019 889 2057 tam
929 2010 1171 2073 ignarum,
1205 2006 1454 2070 Pomponi,
1489 2007 1743 2073 Virgiliani
1782 2012 1942 2068 moris,

211 2073 444 2130 candoriS,
470 2083 610 2138 atque
627 2075 794 2137 judicii
817 2075 1076 2128 existimas,
1103 2083 1157 2119 ut
1183 2073 1310 2137 quod
1343 2072 1459 2120 alibi
1489 2089 1721 2137 nusquam
1753 2077 1938 2141 legitur,

213 2139 408 2188 credam
426 2139 455 2186 a
469 2140 658 2205 poeitae
631 2141 906 2188 oravissimo
919 2137 1239 2202 novandisque
1256 2139 1416 2186 verbis
1431 2140 1642 2186 omnium
1665 2143 1942 2198 castissimo,

213 2204 342 2252 hoc
331 2222 381 2253 ιιι
405 2207 509 2254 loco
532 2177 686 2253 fuisse
697 2206 908 2254 dictum?
944 2205 1060 2253 mihi
1084 2204 1274 2267 quidem
1297 2218 1394 2251 non
1413 2203 1469 2251 fit
1491 2206 1763 2254 verisimile.
1801 2208 1877 2255 Illi
1903 2210 1942 2256 si

212 2278 330 2327 erat,
351 2270 518 2318 afferre
531 2288 641 2320 eum
665 2273 916 2335 oportebat
930 2271 1207 2333 exemplum
1226 2269 1426 2332 aliquod
1423 2286 1526 2334 quo
1541 2271 1785 2328 niteretur,
1801 2291 1939 2336 aspe-

211 2335 400 2384 ritatem
437 2350 494 2383 ue
516 2335 683 2384 leniret
697 2337 844 2385 verbi.
911 2336 1005 2384 Sed
1028 2335 1087 2383 de
1110 2335 1192 2385 illo
1215 2335 1464 2385 hactenus,
1536 2336 1664 2385 Mihi
1680 2339 1750 2397 sic
1771 2339 1939 2404 legen-

211 2399 331 2448 dum
352 2402 399 2450 vi
463 2409 554 2489 tur,
575 2404 614 2450 si
637 2403 723 2460 tibi
747 2404 828 2450 uni
852 2403 1155 2467 probabitur·

735 2469 835 2517 Nec
858 2480 912 2524 te,
934 2480 1011 2516 tua
1020 2470 1186 2542 funere
1208 2477 1351 2515 mater

348 2531 571 2581 Produxi.

215 2596 323 2645 Ωιιο
357 2599 407 2644 ιιι
445 2613 583 2645 sensu
616 2608 756 2662 atque
783 2601 934 2648 rer-bo
966 2599 1086 2647 nihil
1109 2598 1280 2646 dunum
1303 2605 1382 2646 aut
1411 2598 1690 2654 violentum,
1713 2606 1796 2646 aut
1817 2599 1943 2648 inso-

212 2662 332 2718 lens,
348 2663 430 2711 sed
454 2678 637 2712 summa
658 2666 802 2712 etiam
824 2666 934 2712 curn
957 2664 1201 2718 sermonis,
1221 2675 1320 2712 tum
1345 2664 1694 2711 consuetudinis
1713 2665 1939 2714 observa-

207 2729 299 2783 tio,
313 2745 508 2777 -summa
529 2729 850 2804 lenitasatque
868 2731 1074 2778 facilitas
1097 2727 1510 2778 inest.·1ndoctos
1525 2738 1699 2777 autem
1708 2731 1941 2805 librarios,

212 2802 266 2840 ιιι
286 2803 395 2843 sunt
427 2795 655 2875 plerique,
682 2796 923 2843 vicinitate
946 2795 1172 2858 deceptos
1197 2797 1332 2858 puto'·
1334 2794 1592 2869 possessivi
1611 2795 1832 2851 nominis,
1860 2807 1943 2845 tua

193 2861 378 2919 Δαριᾶνα
411 2859 616 2925 primum
654 2861 910 2936 scripsisse,
946 2864 1058 2909 cum
1077 2862 1242 2918 fimare
1259 2860 1500 2924 scriptum
1536 2861 1786 2935 legissent
1788 2861 1849 2908 in
1883 2879 1942 2908 eo

212 2941 354 2988 quem
377 2925 711 2974 describebant
747 2928 832 2991 ipsi
857 2928 993 2983 libro,
1032 2923 1355 2989 mendumque
1389 2941 1490 2974 esse
1524 2926 1941 2977 existimavissent.

214 2988 374 3040 Pom.
408 2991 533 3038 Mihi
569 2992 760 3067 quidem
796 2994 898 3049 ista,
934 2991 1209 3047 Hermola3,
1236 3003 1334 3038 non
1366 2992 1632 3066 probantur
1657 2992 1831 3047 solum,
1857 2992 1938 3040 sed

214 3070 413 3123 magnas
443 3057 531 3104 tibi
555 3058 699 3106 etiam
728 3059 901 3122 gratias
924 3074 1033 3121 ago,
1052 3055 1181 3120 quod
1199 3056 1407 3120 Virgilio
1431 3058 1682 3105 restitueris
1707 3058 1798 3104 hoc
1821 3074 1940 3120 quo-

213 3135 306 3182 que
329 3123 378 3169 in
404 3121 509 3170 loco
519 3131 574 3169 et
607 3124 860 3172 candorem
883 3133 945 3171 et
954 3125 1239 3204 dignitatem·
1259 3138 1432 3181 suam,
1435 3122 1560 3170 acl-do
1579 3124 1724 3170 etiam
1750 3133 1797 3169 et
1827 3121 1935 3168 dili-

208 3188 454 3248 gentiam.
491 3186 661 3251 meque
683 3190 802 3237 nihil
828 3190 1029 3238 omnino
1047 3187 1226 3236 ¹frustra
1249 3187 1334 3235 abs
1361 3196 1411 3239 te
1435 3197 1607 3251 petere,
1645 3188 1793 3234 valde
1819 3186 1935 3252 gau·

206 3248 322 3297 deo.
382 3253 475 3300 :Sed
499 3253 621 3301 refer
644 3264 690 3300 te
715 3255 772 3302 ad
795 3254 1068 3303 Terentium
1093 3264 1242 3301 tuum.
1299 3253 1462 3302 Herm.
1508 3254 1627 3299 Sunt
1649 3250 1761 3300 vero
1787 3253 1835 3299 in
1857 3269 1936 3299 eo-

208 3313 332 3362 dem
341 3315 902 3376 Heautontimorumeno,
923 3337 1032 3384 quae
1051 3320 1144 3367 tibi
1165 3318 1426 3397 exglicem,
1444 3328 1493 3366 et
1514 3319 1630 3365 illa:

346 3380 453 3428 Scio
473 3383 787 3445 quidficeris:

314 3447 584 3497 Sustulisti.
651 3450 750 3499 SOS.
799 3451 879 3498 Sic
913 3462 976 3499 est
1001 3454 1195 3509 factum.
1239 3399 1376 3496 thr.
1409 3445 1594 3495 Domin’
1603 3451 1638 3493 ι’
1669 3446 1777 3512 Syr.
1806 3447 1940 3512 Ergo

409 3511 538 3562 herus
555 3515 726 3565 damno
749 3527 906 3565 auctus
920 3528 1004 3566 mest
1068 3517 1132 3573 Et
1154 3515 1262 3562 illa:

346 3576 474 3624 Quid
489 3580 653 3626 malum
665 3583 695 3627 ἒ
715 3591 1124 3630 meaetatemcenses
1142 3581 1252 3631 necle
1267 3579 1322 3628 id
1335 3578 1656 3627 adsimulacier
1667 3579 1691 3622 ἓ
1724 3577 1795 3626 Et
1805 3575 1912 3625 illa.

2156 175 2290 239 xcvii
