2352 3952
764 171 1254 228 TERENTIANA.·
1272 195 1275 198 ’

156 319 364 378 cissimos
393 324 633 367 accuratae
657 320 840 368 criticae
863 338 1082 369 successu
1117 323 1245 371 omni
1283 318 1406 369 aevo'
1425 323 1712 384 praestitisse‚
1735 324 1866 386 igno·-

156 395 262 434 rat:
295 386 432 433 illum
457 387 679 449 pleraque
700 388 936 435 interioris
960 391 1192 436 doctrinae
1217 389 1438 452 mysteria
1461 390 1643 451 fugiant
1678 405 1864 437 necesse

154 461 240 504 est.
311 453 423 499 Non
447 454 859 530 sufficiteruditio,
886 472 994 518 quae
1035 457 1367 503 confidentiam
1403 472 1612 531 persaepe
1642 467 1865 518 generat3

154 529 210 566 ut
251 519 355 582 plus
392 521 501 565 satis
544 522 752 583 prompti
794 522 900 577 sint,
948 524 1008 568 ad
1054 524 1482 585 pronunciandum,
1526 523 1608 584 qui
1652 525 1865 571 auctoris

152 585 343 648 genium
366 587 575 633 nondum
600 587 870 654 perdidicei
870 598 977 636 unt
1015 604 1075 636 ne
1096 589 1252 635 dicam
1290 589 1348 634 de
1371 589 1657 651 pervulgatis
1681 591 1869 653 opinio-

155 653 315 709 nibuS‚
339 668 444 716 quae
475 653 602 700 haud
639 652 746 700 raro
779 656 974 702 eximias
1011 671 1198 717 quoque
1229 665 1427 702 mentes
1443 657 1717 703 devertunt:
1751 673 1866 703 cum

152 720 411 782 praesertim
436 721 562 794 quod
588 720 735 783 probe
762 723 1041 776 notandum,
1067 723 1124 768 de
1155 724 1278 767 nova
1309 723 1865 783 comoediajudicaturis‚

155 795 394 848 respectus
419 788 586 833 veteris
610 788 808 835 subinde
831 791 1055 844 obstaret,
1089 787 1396 849 animumque
1429 789 1607 834 diverse
1644 790 1867 836 traheret.

154 853 329 910 Dicam
351 853 523 900 iterum
547 872 568 900 :·
584 855 798 901 Accedat
823 854 892 899 vir
915 855 1098 917 ingenio
1121 862 1168 900 et
1193 852 1411 901 doctrina
1432 855 1866 916 praestantissimus,

152 919 213 967 ad
236 919 475 967 ferendam
501 922 642 982 paulo
662 920 944 982 explicatius
980 923 1038 967 de
1071 937 1240 983 magno
1280 921 1443 982 aliquo
1479 930 1527 968 et
1563 922 1772 983 perfecto
1808 939 1866 968 ex

152 984 406 1034 Veteribus
441 986 587 1034 Poeta
625 987 934 1034 sententiam:
985 988 1072 1034 nisi
1112 988 1293 1035 iterum¹
1328 987 1598 1051 iterumque
1638 984 1870 1051 refegerit,

155 1053 242 1101 nisi
284 1055 559 1117 cogitaverit
603 1053 921 1112 subtilissime,
964 1070 1022 1101 ac
1066 1055 1274 1118 exegerit
1317 1055 1502 1117 singula
1547 1055 1870 1117 attentissime,

155 1120 295 1174 facile
321 1119 446 1167 linea
466 1120 671 1168 excidet.
742 1122 1295 1178 Documentanolumus
1320 1123 1421 1182 jam
1449 1123 1534 1168 nisi
1569 1139 1625 1167 ex
1650 1123 1869 1184 proximo

155 1195 330 1248 petere.
401 1187 539 1234 Sicut
559 1187 775 1234 acerrimi
801 1187 869 1234 vir
891 1187 1068 1250 ingenii
1101 1188 1366 1234 Frena-iscus
1394 1187 1577 1233 Guietus
1600 1204 1751 1251 nuper
1786 1190 1871 1235 ad·

156 1254 368 1310 modum,
393 1254 648 1300 rectissime
680 1262 729 1300 et
765 1255 1030 1302 felicissime
1067 1254 1317 1317 amplexus
1360 1255 1543 1300 Afranii
1574 1255 1869 1314 sententiam,

154 1334 298 1370 omnes
317 1320 512 1365 omnium
547 1321 819 1367 Coma-orum
842 1323 890 1367 z'n
910 1338 998 1368 uno
1027 1321 1232 1368 Terentio
1255 1321 1439 1367 eminere
1464 1322 1659 1376 virtutes,
1678 1322 1873 1383 judica-

155 1384 251 1432 vit:
288 1385 358 1432 ita
379 1386 617 1448 superiore
647 1387 844 1444 saeculo,
868 1387 1101 1435 nollemus
1135 1402 1320 1435 summo
1343 1387 1461 1444 viro,
1494 1395 1541 1433 et
1571 1391 1702 1450 quod
1726 1397 1873 1451 caput

154 1451 220 1498 rei
244 1460 328 1509 est,
350 1451 672 1517 κριτικωταῖτῳ,
695 1453 824 1499 Julzo
849 1451 1092 1517 Scangro,
1119 1470 1175 1501 ea
1196 1454 1255 1500 de
1283 1460 1442 1501 nostro
1467 1455 1603 1516 poeta
1626 1456 1873 1525 excidisse,

155 1534 265 1580 quae
289 1518 567 1565 nullomodo
592 1519 793 1576 defendi,
818 1535 875 1566 ac
900 1535 958 1565 ne
982 1521 1172 1568 tolerari
1197 1520 1389 1582 quidem
1411 1530 1626 1582 possunt.

221 1585 349 1632 Illud
387 1585 595 1647 quidem
611 1586 812 1631 libenter
843 1586 1086 1645 sumimus,
1121 1587 1249 1650 quod
1284 1587 1341 1633 de
1372 1587 1562 1648 judicio
1597 1586 1765 1652 populi
1803 1589 1874 1636 fa-

155 1659 313 1708 tetur;
379 1667 475 1712 quo
525 1652 707 1698 etiamsi
746 1661 1022 1714 superatum
1061 1670 1160 1700 esse
1196 1654 1348 1714 legam
1388 1652 1424 1698 a
1462 1654 1738 1702 Philemone
1771 1656 1876 1703 Me-

154 1719 408 1775 nandrum,
444 1719 654 1765 nondum
680 1728 837 1765 tamen
870 1719 978 1766 ideo
1014 1720 1284 1767 Menandro
1316 1719 1470 1779 major
1504 1728 1574 1767 est
1608 1723 1874 1771 Philemon.

158 1786 314 1833 Debet
347 1786 487 1843 enim,
528 1786 575 1831 ni
617 1785 767 1840 fallor,
810 1786 1004 1834 eruditis
1044 1787 1167 1833 idem
1210 1786 1370 1844 licere,
1408 1788 1539 1848 quod
1571 1777 1876 1852 populo:·ut

155 1853 244 1899 hic·
267 1852 456 1914 quidem
490 1868 578 1914 pro
614 1868 701 1898 suo
735 1860 896 1914 captu,
931 1853 1000 1900 illi
1032 1870 1119 1917 pro
1149 1853 1338 1916 ingenio
1370 1861 1418 1899 et
1457 1855 1670 1902 doctrina
1692 1864 1878 1903 senten-

159 1919 273 1966 tiam
314 1919 478 1966 ferant.
554 1922 623 1965 At
667 1920 791 1965 enim
837 1921 1001 1994 populi
1036 1920 1338 1982 judicio’hic
1363 1922 1602 1968 ‘standum
1638 1931 1738 1970 est:
1792 1938 1878 1998 po·

156 1986 273 2049 pulo
297 1986 534 2032 dabantur
570 1985 774 2042 tabulae-3
807 1999 852 2033 et
885 1987 925 2032 is
955 2003 1042 2033 non
1069 1987 1138 2033 ad
1171 1986 1430 2033 discendam
1461 1990 1670 2035 sermonis
1694 1991 1878 2050 purita-

154 2061 256 2099 tem
264 2054 314 2099 ed
351 2050 609 2115 cmfiuebat,
631 2051 720 2098 sed
739 2051 806 2098 ad
837 2067 1031 2099 ammam
1061 2054 1160 2098 risu
1194 2068 1251 2098 ac
1267 2053 1394 2113 jocis
1411 2053 1734 2100 relaxandum:
1772 2070 1878 2117 quae

157 2116 380 2180 Scalzgerz
422 2119 564 2166 verba
600 2128 726 2166 sunt.
796 2119 886 2165 Sed
922 2117 1156 2184 περιεργία
1190 2119 1355 2182 populi
1398 2135 1491 2165 non
1536 2120 1664 2167 tollit
1700 2122 1877 2169 artium

157 2183 388 2231 instituta.
458 2185 666 2240 Quando
706 2186 756 2232 in
785 2186 888 2232 foro
931 2201 1037 2231 reus
1073 2196 1328 2237 accusatur
1367 2201 1425 2231 ac
1466 2187 1749 2245 defenditur,
1788 2188 1879 2235 Po-

157 2251 429 2312 pulus'non
464 2252 666 2299 confluit
701 2252 759 2298 ad
798 2253 1070 2300 discendam
1111 2253 1337 2300 sermonis
1371 2254 1680 2314 elegantiam3
1723 2271 1880 2318 neque

157 2325 407 2379 propterea
446 2335 541 2366 non
583 2319 857 2366 laudabitur
897 2320 1092 2376 Orator,
1137 2320 1229 2382 qui,
1260 2320 1302 2366 ei
1347 2321 1519 2367 studet.
1585 2321 1880 2368 Confluxerit

157 2384 366 2446 populus
401 2386 461 2431 ad
497 2386 836 2444 oblectandum
861 2387 1071 2433 animum
1111 2387 1211 2434 visu
1246 2394 1292 2434 et
1316 2387 1483 2434 auditu
1516 2403 1671 2435 rerum
1699 2389 1879 2435 ridicu-

159 2451 343 2498 larum:
395 2451 510 2499 huic
551 2453 777 2500 desiderio
809 2454 1062 2516 explendO,
1103 2470 1242 2501 nemo
1273 2455 1443 2517 opinor
1479 2455 1626 2502 Poeta
1666 2455 1877 2515 fabulam

159 2518 423 2580 scripserit:
468 2519 692 2567 histrione
729 2520 853 2567 enim
896 2537 1038 2583 quam
1079 2521 1223 2567 Poeta
1253 2521 1438 2583 dignior
1484 2521 1592 2568 haec
1627 2538 1768 2584 opera
1808 2539 1879 2568 es-

161 2592 246 2632 set.
318 2586 480 2632 Poetae
515 2586 784 2634 institutum
819 2588 878 2634 ad
914 2588 1259 2650 philosophiam
1297 2595 1508 2650 spectat:
1546 2597 1690 2649 atque
1715 2590 1762 2634 in
1786 2588 1880 2635 Co-

159 2649 332 2698 moedia
368 2652 458 2698 hoc
494 2652 646 2726 ipsum
680 2654 806 2716 agit,
829 2664 900 2713 ut,
936 2655 1050 2700 dum
1084 2663 1224 2717 putat
1257 2655 1462 2717 populus
1507 2655 1738 2701 ludicram
1779 2671 1877 2701 rem

160 2717 275 2779 geri,
301 2734 462 2765 amore
493 2719 758 2781 virtutum,
775 2721 886 2766 odio
925 2722 1164 2779 vitiorum,
1206 2736 1435 2783 quaeque
1453 2721 1523 2767 his
1557 2722 1716 2768 affinia
1748 2731 1876 2777 sunt,

162 2793 211 2831 et
245 2782 314 2840 ad
359 2786 706 2832 emendandos
707 2803 878 2836 .mores
933 2787 1184 2849 pertinent,
1240 2789 1498 2834 imbuatur.
1587 2788 1879 2835 Rudioribus

160 2852 321 2913 itaque
356 2854 662 2915 tempoiibus,
697 2853 860 2901 rudius
908 2854 1000 2900 hoc
1049 2854 1231 2900 solebat
1281 2854 1410 2903 fieri:
1463 2854 1743 2916 Aniniisque
1790 2871 1878 2902 nec

159 2920 434 2980 compositis
469 2936 555 2967 nec
590 2921 795 2967 excultis
828 2921 1008 2982 aliquid
1047 2921 1386 2983 indulgendum
1418 2930 1538 2967 erat.
1606 2923 1881 2969 Accedente

143 2987 371 3046 2-quodan1
411 2984 564 3039 cultu‘,
607 2995 659 3034 ut
692 2988 740 3034 in
775 2989 994 3034 omnibus
1033 2988 1306 3039 civitatibus
1342 3003 1400 3034 ac
1443 2988 1694 3035 inconditis
1735 2989 1880 3034 mori-

145 3052 253 3106 ‚bus
295 3054 358 3100 aad*
394 3054 565 3115 gradus
610 3055 840 3117 quosdam
888 3055 1150 3117 disciplinae
1192 3055 1483 3117 proceditur,
1523 3056 1882 3117 temperandum

144 3120 530 3183 ‚erat'quicquid
574 3119 770 3167 nimium
806 3121 1071 3175 videbatur,
1106 3121 1312 3168 invitatis
1346 3130 1393 3167 et
1424 3122 1610 3183 placide
1651 3122 1881 3168 traductis

165 3185 223 3229 ad
249 3187 453 3232 rectiora
475 3187 670 3234 animis:
710 3198 764 3234 ut
796 3189 1084 3250 voluptatem
1122 3203 1214 3233 non
1240 3188 1342 3248 jam
1377 3205 1436 3234 ex
1463 3188 1564 3234 solo
1602 3188 1712 3240 rim,
1752 3187 1879 3248 quod

164 3251 613 3312 imperitissimorum
661 3263 743 3312 est,
789 3255 867 3300 scd
914 3271 973 3300 ex
1033 3256 1372 3301 consuetudine
1430 3255 1535 3300 vitae
1584 3255 1881 3316 fortunaeque

165 3316 654 3383 humanae„eleganti
694 3335 848 3368 rerum
891 3330 1026 3368 textu
1067 3336 1124 3368 ac
1165 3321 1495 3368 consecutione
1533 3336 1616 3382 per
1654 3320 1882 3366 imitatio-

167 3398 274 3430 nem
321 3390 551 3447 expressa,
597 3387 691 3434 sibi
724 3389 975 3451 petendam
1014 3388 1302 3448 judicarent.
1390 3387 1550 3443 Quam
1596 3385 1743 3447 ipsam
1783 3403 1880 3433 rem

169 3453 275 3496 cum
318 3449 567 3499 Comoedia
601 3470 721 3502 nova
756 3455 843 3502 sibi
890 3455 1220 3518 proposuisset,
1256 3455 1462 3501 aliorum
1504 3452 1732 3499 industria
1770 3470 1880 3500 sane

166 3517 444 3593 profecerit3
502 3522 651 3566 certe
673 3522 815 3568 solius
861 3521 1066 3568 Tertntii
1107 3521 1292 3583 ingenio
1338 3522 1392 3564 ad
1442 3519 1675 3580 fastigium
1724 3535 1884 3566 ascen·

140 3583 255 3631 indit.
313 3583 375 3630 Si
419 3585 561 3647 igitur
582 3587 847 3635 Volcatius
883 3588 1116 3649 Sedigitus
1153 3563 1211 3632 de
1245 3586 1454 3633 Cornicis
1486 3585 1725 3646 judicium
1766 3584 1884 3632 ferre

141 3649 337 3723 woluit,
381 3666 468 3699 cur
509 3660 607 3700 tam
644 3653 824 3702 diversa
862 3654 1086 3702 miscuit?
1129 3653 1230 3702 Cur
1271 3653 1494 3702 Plautum
1531 3661 1578 3700 et
1616 3653 1737 3699 alios
1775 3654 1881 3699 ideo

2137 197 2204 231 XV.
