2314 3944
748 184 1004 238 Aeros
1042 184 1084 236 1.
1155 181 1392 236 scENA
1428 144 1490 236 ir.

126 329 379 382 Demiror.
432 327 522 378 Ge.
549 326 689 395 'atqui
714 327 909 394 repperi
932 326 1042 398 jam
1062 347 1096 377 :1
1112 326 1238 378 illud
1275 342 1409 376 cura.
1446 324 1548 375 De.

269 417 333 450 an
356 398 454 448 hoc
479 397 648 449 dicent
673 398 834 448 mihi?
1370 441 1371 445 ,
1514 401 1544 446 5

127 469 317 521 Invitus
337 470 478 520 fecit:
517 471 596 519 lex
622 470 803 537 coegit.
830 467 980 520 audio
1001 488 1013 519 :
1038 469 1206 518 fateor.
1250 467 1342 517 Ge.
1363 467 1544 533 placet.

127 541 229 597 De.
284 540 472 590 Verum
515 540 778 604 scientem,
820 539 1054 602 tacitum,-
1088 555 1310 589 caussam
1356 537 1548 588 tradere

203 644 207 651 -
271 610 574 674 adversariis,
1369 636 1371 638 ·

127 680 368 738 Etiamne
403 681 455 731 id
494 684 654 733 facere
697 683 780 732 lex
819 679 1018 748 coegit?
1059 678 1160 731 Ph.
1187 676 1314 729 illud
1347 678 1546 731 durum.

144 806 148 811 ,
270 752 365 803 Ge.
401 771 496 820 ego
521 753 814 820 expediam:
852 753 976 802 sine.

130 818 233 879 De.
251 823 526 880 ,Incertum
565 835 654 886 est,
678 823 799 891 quid
821 840 996 890 agam3
1037 819 1154 890 quia
1184 828 1366 887 praeter
1389 837 1549 887 spem,

269 907 417 963 atque
443 894 736 945 incredibile
761 893 857 944 hoc
879 893 1007 943 mihi
1031 890 1226 959 obtigit.

124 966 203 1016 Ita
226 984 335 1016 sum
363 965 594 1028 irritatuS,
632 965 860 1016 animum
886 974 942 1014 ut
967 980 1213 1032 nequeam
1239 961 1302 1012 ad
1322 960 1549 1030 cogitan-

269 1035 390 1088 dum
418 1036 691 1088 instituere.
1487 1038 1550 1083 10

125 1107 468 1162 Quamobrem
493 1125 673 1169 ornnes,
692 1104 804 1158 etim
821 1105 1049 1158 secundae
1071 1121 1150 1154 res
1167 1112 1280 1154 sunt
1297 1122 1378 1155 ina
1386 1103 1546 1169 mame,

271 1187 380 1228 tum
399 1175 629 1229 maxume}
1264 1178 1268 1180 ⁷

126 1248 376 1300 Meditari
389 1266 554 1299 secum
575 1254 780 1315 oportet,
799 1263 894 1315 quo
907 1252 1064 1316 pacto
1089 1247 1354 1298 adt-orsam
1372 1262 1550 1298 cerum-

269 1318 605 1384 namferant;
1431 1364 1435 1366 ,

125 1390 334 1453 Pericla‚
382 1391 583 1454 damna,
630 1389 810 1440 exilia:
864 1391 1070 1458 peregre
1119 1387 1315 1453 rediens
1356 1405 1552 1458 semper

269 1462 472 1529 cogitet,

124 1533 327 1584 Aut1fili
345 1542 629 1600 peccatum,
654 1541 740 1582 aut
758 1532 924 1583 uxoris
944 1540 1179 1593 mortem,
1204 1537 1290 1580 aut
1316 1530 1546 1581 morbum

269 1603 418 1655 filiae:
899 1639 904 1648 ‚1

128 1674 436 1727 Communia
459 1692 562 1725 esse
585 1674 697 1725 haec
717 1694 732 1738 ;
768 1674 877 1726 fieri
901 1691 1075 1743 posse:
1114 1680 1170 1723 ut
1202 1688 1265 1722 ne
1291 1669 1411 1741 quid
1434 1670 1548 1721 ani-

270 1764 355 1796 mo
377 1746 441 1795 sit
466 1763 681 1808 novum3
1487 1747 1548 1792 15

127 1816 390 1885 Quidquid
411 1828 590 1884 praeter
611 1834 752 1885 spem
790 1814 1002 1880 eveniat,
1040 1831 1191 1866 omne
1231 1814 1282 1865 id
1316 1813 1551 1881 deputare

268 1905 376 1937 esse
402 1887 453 1937 in
478 1889 636 1939 lucro.

128 1958 221 2010 Ge.
258 1958 307 2009 O
334 1957 579 2021 Phaedria,
605 1957 896 2009 incredibile
922 1965 1011 2021 est,
1036 1957 1223 2026 quanto
1247 1955 1428 2006 herum
1459 1972 1547 2005 an-

268 2038 383 2080 teeo
405 2029 664 2097 sapientia.

127 2099 376 2152 Meditata
400 2100 528 2151 mihi
551 2110 667 2151 sunt
685 2099 857 2152 omnia
882 2117 995 2150 mea
1020 2096 1374 2150 incommoda:
1401 2096 1551 2147 herus

272 2171 313 2221 si
339 2171 554 2234 redierit,

126 2241 429 2295 Molendum
465 2260 620 2310 usque
658 2242 710 2293 in
753 2241 996 2311 pistrino:
1045 2239 1420 2309 vapulandum:
1458 2239 1549 2289 ha-

269 2312 449 2363 bendae
475 2314 773 2381 compedes:

125 2385 269 2453 Opus
292 2384 393 2434 ruri
415 2384 735 2435 faciendum:
772 2383 951 2435 horum
997 2382 1069 2434 nil
1111 2381 1386 2452 quidquam
1412 2381 1549 2433 acci-

267 2455 350 2505 det
374 2454 546 2518 animo
569 2473 773 2507 novum.

125 2525 388 2594 Quidquid
412 2535 592 2594 praeter
613 2544 755 2595 spem
794 2525 1006 2590 eveniet,
1029 2542 1183 2577 omne
1220 2523 1272 2575 id
1298 2523 1548 2593 deputabo

269 2614 372 2647 esse
398 2597 449 2648 in
476 2598 630 2648 lucro.
1362 2659 1370 2664 p

124 2668 225 2729 Sed
250 2667 369 2738 quid
393 2667 653 2719 hominem
680 2685 837 2719 cessas
861 2668 1012 2731 adire,
1037 2676 1088 2718 et
1107 2666 1290 2717 blande
1310 2665 1367 2718 in
1409 2666 1546 2735 prin-

227 2755 234 2759 ·
269 2738 403 2806 cipio
426 2738 648 2806 alloqui?
766 2754 769 2756 ’
1262 2750 1266 2760 “

123 2807 225 2863 De.
262 2809 375 2860 Mei
399 2809 559 2860 fratris
585 2808 728 2860 video
749 2807 911 2860 filium
938 2810 1009 2860 ire
1035 2808 1161 2860 milii
1185 2808 1403 2860 obviam.

127 2881 231 2933 Ph.
267 2880 350 2931 Mi
392 2890 582 2948 patrue,
624 2881 774 2932 salve.
848 2880 946 2932 De.
983 2882 1146 2932 salve:
1208 2879 1296 2930 sed
1342 2877 1430 2928 ubi
1473 2888 1547 2928 cst

263 2950 527 3020 Antipho?

124 3021 224 3073 Ph.
257 3020 462 3142 {ailgpm
483 3023 732 3074 advenire.
807 3021 909 3113 De.
947 3020 1126 3074 credo:
1164 3021 1262 3072 hoc
1300 3020 1543 3142 τεεροηὲἓ

128 3163 227 3215 ΡΙι.
253 3162 430 3215 Valet:
456 3162 540 3214 hic
565 3171 655 3215 est.
693 3161 795 3214 Sed
816 3161 958 3212 satin’
978 3161 1150 3212 omnia
1174 3179 1233 3212 ex
1258 3161 1540 3212 sententia?

123 3232 225 3285 De.
262 3232 460 3283 Vellem
485 3233 689 3300 quidem
712 3233 723 3284 l
752 3234 851 3284 Ph.
878 3232 1001 3302 quid
1025 3233 1184 3284 istuc?
1213 3232 1315 3284 De.
1349 3232 1545 3300 rogitaS,

263 3301 526 3354 Phaedria?
920 3366 923 3369 .
971 3309 979 3321 ‘

126 3373 292 3424 Bonas
313 3390 394 3423 me
417 3374 619 3423 absente
641 3373 727 3424 hic
752 3372 1038 3425 confecistis
1066 3372 1279 3442 nuptias·

1479 2461 1559 2504 eo·

2067 185 2169 235 213
2226 197 2230 203 '

1603 322 1671 361 Ge.
1699 320 1816 370 Atqui
1841 319 1920 370 jam
1948 321 2091 360 inveni:
2119 336 2170 362 ne

1600 375 1648 412 sis
1684 374 1729 411 de
1760 372 1819 411 his
1854 373 2032 412 solicitus.
2099 376 2172 414 De.

1599 427 1710 465 Anne
1738 425 1813 464 hoe
1841 424 1934 464 mihi
1964 430 2174 477 responsuri

1599 480 1709 517 sunt?
1742 493 1814 517 non
1835 478 1944 524 ultro,
1964 480 2026 516 sed
2045 479 2172 517 nolens

1602 532 1692 570 feci:
1722 531 1781 569 lex
1811 531 1856 569 ad
1887 532 1924 569 id
1949 545 2009 570 me
2037 532 2172 582 adegit.

1603 583 1801 635 Intellig03
1829 596 1864 621 et
1882 585 2074 622 assentior.
2104 585 2173 622 Ge.

1603 637 1758 675 Gratum
1779 647 1834 674 cst
1858 635 1966 683 mihi,
1993 637 2092 687 quod
2119 637 2174 675 di-

1603 691 1667 726 cis.
1723 691 1792 726 De.
1822 688 1960 728 Verum
1976 689 2174 735 volentem,

1604 755 1672 779 nec
1706 741 2029 789 contradicentem,
2057 755 2178 781 causae

1603 795 1790 831 victoriam
1825 795 2024 832 concedere
2054 795 2180 834 adver-

1603 847 1727 891 sariis;
1757 847 1840 883 idne
1869 861 2015 898 qnoque
2035 848 2094 886 lex
2122 846 2178 885 fa·

1604 912 1685 936 cere
1705 899 1854 950 coegit?
1885 901 1955 937 Ph.
1982 899 2080 938 Illud
2106 899 2178 938 dif-

1601 951 1712 999 ficile,
1753 964 1789 989 et
1834 952 2041 991 molestum.
2105 953 2176 991 Ge·

1601 1003 1684 1055 Ego
1720 1005 1927 1055 explicabo,
1957 1015 1994 1043 et
2025 1005 2176 1056 planum

1602 1057 1768 1094 reddam:
1797 1058 1959 1108 quiesce.
2003 1059 2072 1096 De.
2090 1057 2177 1096 Du-

1602 1109 1707 1147 bium
1727 1121 1782 1148 est
1809 1109 1918 1156 mihi,
1946 1111 2034 1160 quid
2057 1110 2177 1148 facere

1603 1162 1755 1199 debeam
1770 1180 1779 1208 3
1801 1164 1886 1213 quia
1903 1173 2030 1200 contra
2046 1170 2178 1214 expecl-

1603 1216 1797 1261 tationem,
1817 1224 1853 1252 et
1868 1216 2082 1267 opinionem
2101 1229 2178 1253 me-

1603 1281 1661 1305 am
1676 1267 1747 1305 hoc
1761 1266 1853 1305 mihi
1868 1269 2013 1306 accidit.
2057 1267 2113 1306 lta
2126 1269 2179 1306 ira

1603 1321 1771 1358 turbatus
1801 1334 1903 1367 sum,
1927 1330 1971 1359 ut
1997 1334 2178 1372 nequeam

1604 1384 1770 1417 mentem
1814 1373 1858 1411 ad
1902 1373 2177 1412 deliberandum

1602 1426 1799 1477 appellere.
1840 1424 2076 1478 Quapropter
2092 1429 2177 1465 cum

1602 1491 1776 1531 prospera
1804 1477 1950 1516 fortuna
1986 1480 2178 1517 nobiscum

1603 1541 1765 1569 versatur
1783 1532 1955 1579 maxime,
1973 1540 2054 1570 tum
2078 1546 2180 1569 max-

1603 1585 1677 1622 ime
1694 1587 1997 1636 unumquemque
2012 1587 2179 1624 nostrum

1603 1637 1830 1675 considerare
1844 1646 2004 1688 oportet,
2021 1651 2177 1689 quomo·

1602 1690 1650 1727 do
1680 1689 1925 1736 adversitates,
1958 1700 1996 1727 et
2014 1691 2178 1728 miserias

1603 1744 1816 1795 ingruentes
1845 1742 1996 1788 toleret3
2033 1745 2179 1794 pericu-

1603 1795 1651 1841 la,
1671 1795 1817 1841 damna,
1849 1795 1977 1832 exilia:
2020 1796 2104 1833 cum
2133 1809 2179 1834 ex

1603 1849 1899 1900 peregrinatione
1932 1848 2040 1895 redit,
2081 1862 2178 1886 sem-

1602 1914 1669 1951 per
1703 1902 1742 1938 in
1775 1910 1899 1939 mente
1930 1900 2079 1947 habeat,
2114 1910 2179 1940 aut

1603 1953 1669 1991 filii
1703 1953 1845 1991 facinus
1873 1953 2022 2005 aliquod
2057 1955 2179 2006 indig-

1605 2019 1710 2053 num,
1729 2016 1792 2044 aut
1818 2019 1969 2044 uxorem
1997 2016 2178 2044 mortuam

1603 2071 1699 2105 esse,
1718 2069 1781 2097 aut
1806 2059 1919 2096 filiam
1950 2060 1987 2096 in
2005 2059 2186 2103 morbum,

1603 2111 1796 2149 incidisse:
1841 2110 1922 2149 haec
1966 2113 2178 2150 communia

1603 2177 1683 2202 esse
1713 2164 1904 2210 omnibus3
1944 2178 2051 2215 posse
2082 2166 2177 2202 acci-

1602 2217 1710 2255 dere:
1755 2227 1795 2255 ut
1835 2230 1883 2254 ne
1918 2217 2007 2267 quid
2041 2216 2195 2255 horum.

1601 2278 1774 2320 tanquam
1807 2283 1943 2318 ,novum
1973 2283 2016 2307 ac
2049 2271 2176 2308 insoli-

1601 2330 1681 2360 tum
1698 2335 1782 2360 eum
1802 2331 1978 2373 occupet:
1997 2323 2176 2374 quidquid

1601 2384 1734 2426 praeter
1749 2377 2039 2426 expectationem
2054 2377 2180 2413 eveni-

1601 2438 1653 2474 et,
1681 2428 1718 2465 id
1744 2441 1906 2479 apponat
1933 2427 2047 2465 lucro.
2103 2428 2175 2467 Ge.

1601 2479 1637 2518 O
1665 2478 1845 2526 Phaedria,
1878 2481 1975 2518 credi
2002 2493 2078 2518 non
2105 2494 2174 2532 po-

1600 2542 1687 2580 test,
1705 2534 1844 2584 quanto
1869 2532 1999 2570 herum
2023 2541 2173 2571 antece-

1600 2585 1647 2622 do
1672 2586 1877 2638 prudentia.
1931 2585 2069 2623 Omnia
2090 2599 2174 2624 mea

1599 2638 1694 2675 mala
1727 2639 1850 2675 animo
1881 2639 2031 2690 praevisa
2059 2650 2169 2686 sunt:

1599 2691 1684 2728 cum
1702 2689 1811 2728 herus
1830 2703 1990 2729 reversus
2021 2691 2173 2730 domum

1599 2742 1723 2789 fuerit,
1735 2744 1918 2781 versandae.
1930 2744 2073 2791 assidue
2091 2757 2172 2782 mo·

1599 2795 1645 2832 1ae
1673 2796 1710 2833 in
1748 2796 1929 2847 pistrino:
1970 2797 2079 2847 virgae
2106 2808 2173 2835 aut

1599 2847 1713 2886 fustes
1741 2849 1786 2886 ad
1812 2848 2055 2900 vapulandum
2084 2850 2174 2888 sub-

1598 2901 1730 2943 eundi:
1784 2902 2023 2953 compedibus
2068 2916 2182 2949 crura

1597 2954 1900 3006 constringenda:
1941 2957 2034 2992 ruris
2069 2956 2175 3006 opti

1597 3007 1706 3044 enixi>
1737 3007 2047 3045 incumbendum:
2077 3006 2172 3045 nihil

1596 3059 1795 3109 quidquam
1810 3058 1940 3097 horum
1958 3062 2084 3096 animo
2099 3060 2171 3095 im-

1595 3112 1778 3162 provisum
1831 3113 2023 3163 continget
2067 3109 2175 3151 mihi.

1596 3162 1790 3215 Quidquid
1828 3175 1959 3215 praeter
2001 3171 2175 3215 expecta-

1597 3218 1735 3254 tionem
1760 3218 1916 3262 eveniet,
1936 3217 1972 3254 id
1988 3230 2172 3267 apponam
2193 3260 2198 3266 5

1601 3268 1714 3305 lucro.
1781 3267 1936 3314 Verum,
1981 3266 2197 3317 Phaedria,-

1599 3321 1689 3371 ‘quid
1702 3322 1882 3358 cunctaris
1896 3321 1942 3358 ad
1959 3318 2172 3372 Demipho—

1602 3386 1684 3410 nem
1694 3374 1877 3417 accedere,
1891 3383 1929 3410 ct
1938 3372 2080 3413 blandis
2093 3387 2171 3412 ver·
2182 3387 2198 3390 ··

1599 3425 1655 3462 bis
1680 3426 1717 3462 in
1737 3426 1855 3474 primo
1873 3437 1940 3463 con
1970 3437 2070 3476 ressu
2085 3440 2172 3474 eum

123 3468 370 3526 compellare?
407 3473 470 3510 De.
489 3472 608 3511 Video
622 3473 828 3514 Phaedriam
854 3475 973 3514 fratris
987 3477 1064 3514 'mei
1080 3474 1288 3515 Chremetis
1306 3478 1421 3515 filium
1440 3474 1531 3514 milii
1549 3487 1810 3514 occurrentem.
1841 3477 1912 3516 ΡΙι.
1967 3476 2001 3527 Ii
2027 3488 2172 3530 patrue,

123 3526 231 3563 salve.
261 3526 330 3563 De.
346 3523 474 3562 Salvus
492 3527 554 3571 sis,
574 3524 759 3564 Phaedria:
789 3527 851 3564 sed
874 3528 935 3564 ubi
956 3538 1010 3565 est
1025 3527 1223 3579 Antipho?
1254 3530 1324 3567 Ph.
1344 3529 1491 3571 Salvum
1509 3539 1544 3566 te
1562 3529 1728 3566 advenire
1747 3527 1901 3580 gaudeo.
1934 3530 2004 3568 De.
2028 3529 2168 3570 Credo:

123 3577 195 3615 hoc
212 3577 390 3667 responde
408 3576 500 3615 mihi
514 3578 612 3628 quod
627 3591 762 3629 quaero.
793 3579 861 3616 Ph.
880 3577 983 3616 Bene
1002 3579 1119 3617 valet:
1147 3579 1210 3618 hic
1228 3590 1295 3618 cst.
1323 3579 1397 3619 Sed
1412 3582 1547 3618 satisne
1561 3582 1698 3627 omnia,
1718 3591 1758 3619 ut
1777 3582 1842 3628 vis,
1857 3581 1926 3621 tibi
1939 3579 2169 3631 evenerunt?

127 3630 196 3668 De.
213 3628 267 3667 Ve

124 3682 275 3721 absente
293 3682 546 3724 celebravistis.

296 3643 354 3667 em
373 3630 491 3668 certe!
522 3630 591 3669 Ph.
607 3630 711 3677 Quid
729 3627 815 3672 mali
829 3631 1013 3683 contigit?
1046 3631 1115 3672 Dc.
1131 3630 1340 3683 inaerisne,
1360 3630 1555 3673 Phaedria?
1587 3635 1749 3686 egregias
1770 3637 1853 3673 vero
1868 3633 1928 3674 hic
1948 3637 2092 3689 nuptias
2110 3649 2169 3676 me
