2340 3964
140 156 206 203 12

132 292 241 334 Dum
270 301 419 347 tempus
452 293 709 334 adolescentiae

134 360 299 386 amorem
333 349 514 399 permisit,
558 349 625 387 sivi
665 357 707 386 ut

133 401 301 438 animum
336 401 584 451 voluptatibus
619 402 708 438 sati-

134 461 225 490 aret.
279 451 394 491 Nunc
414 453 483 490 hoc
503 451 650 504 tempus
667 466 708 490 a·

133 504 222 543 liam
260 507 344 543 vitae
376 506 556 543 rationem
587 504 707 551 affert,

132 556 225 595 alios
252 571 371 596 mores
397 557 574 609 postulat.
601 563 604 566 ⁴
627 556 708 596 De-

133 607 222 648 hinc
254 611 415 662 postulo,
446 611 522 648 sive
556 622 706 660 aequum

133 672 205 709 est,
242 672 279 701 te
311 676 390 708 oro,
426 661 548 709 Dave,
584 671 626 699 ut
667 664 706 700 in

130 716 226 754 viam
268 716 377 754 bonae
418 714 535 767 frugis
568 711 729 753 redeat.⁴

133 767 212 806 Da.
239 767 344 843 (ἓυὶό
366 765 448 804 haec
463 766 574 805 verba
589 769 704 820 signi-

130 819 261 859 fleant.

130 871 288 919 Omnes,
306 874 372 924 qui
391 874 525 922 amicas
575 873 703 920 abent,

125 926 237 963 inviti
282 938 414 964 uxores
455 927 644 976 accipiunt
683 926 704 965 a

126 979 356 1031 parentibus.
407 979 484 1017 Da.
515 977 573 1016 Ita
585 981 706 1020 aiunt.

127 1031 186 1071 Si.
211 1030 310 1069 Tum
329 1033 359 1069 si
375 1033 456 1081 quis
482 1031 553 1070 sibi
573 1045 701 1085 sump-

127 1084 176 1123 sit
211 1086 425 1137 magistrum
462 1085 508 1123 ad
537 1098 699 1124 amorem

126 1137 350 1188 improbum,
379 1137 502 1190 ipsum
533 1138 700 1176 animum

126 1190 280 1229 libidine
301 1191 378 1239 jam
397 1203 538 1242 aegrum
565 1190 610 1229 ud
636 1191 700 1229 de-

125 1244 300 1293 teriorem
315 1250 457 1296 partem
508 1243 700 1294 lerumque

125 1296 298 1349 applicat.
352 1297 429 1334 Da.
466 1257 538 1334 ffer
557 1294 701 1334 Hercu-

124 1349 214 1394 lem,
229 1347 310 1387 haec
325 1363 408 1400 quae
426 1349 518 1387 dicis
545 1362 622 1387 non
642 1350 699 1387 in-

124 1402 265 1454 telligo.
303 1403 358 1440 St.
378 1400 467 1439 Non
488 1401 695 1454 intelligis?

124 1454 240 1495 Herm
306 1456 382 1493 Da.
421 1453 530 1493 Non:
570 1453 698 1494 Davus

124 1522 222 1555 sum,
242 1507 335 1546 tardi
355 1508 492 1560 ingenii
509 1507 696 1545 servulus:

125 1574 200 1605 non
236 1556 419 1613 Oedipus,
456 1562 697 1611 aenigmatum

123 1615 317 1665 interpres.
370 1614 427 1651 Si.
447 1612 595 1665 Nempe
609 1618 698 1666 erg'o

124 1668 178 1706 vis
207 1668 334 1719 aperte
367 1681 426 1704 me
457 1667 574 1718 loqui,
614 1680 698 1717 quae

122 1729 262 1758 restant
279 1719 371 1757 mihi
404 1719 587 1758 dicenda?
624 1721 694 1758 Da.

123 1771 169 1811 Id
182 1773 280 1811 certe
300 1772 422 1810 velim.
475 1773 531 1810 Si.
551 1770 592 1810 Si
613 1786 696 1810 sen-

122 1839 205 1864 sero
234 1834 271 1864 te
306 1826 508 1876 quidquam
542 1824 697 1863 fallaciae

122 1877 234 1917 hodie
253 1878 390 1925 conari,
405 1875 527 1916 ad‘has
548 1879 696 1929 nuptias

122 1931 393 1984 impediendam
434 1939 500 1969 aut
532 1930 625 1968 velle
656 1932 695 1970 in

122 1986 194 2023 isto
213 1993 350 2023 conatu
364 1986 571 2031 ostendere,
580 1997 695 2035 quan-

120 2039 203 2087 §hm
221 2039 270 2076 sis
284 2040 457 2092 astutus:
487 2038 595 2090 virgis
617 2041 697 2076 tier-

120 2090 289 2129 beratum
327 2099 366 2128 te
401 2090 443 2137 i'n
480 2091 695 2142 pistrinum,

118 2142 240 2190 Dave,
252 2144 461 2193 conjiciam,
476 2144 597 2194 quoad
610 2144 691 2181 neci

118 2197 224 2246 datus
243 2197 337 2250 male
360 2209 504 2248 pereas;
535 2196 578 2234 ea
604 2208 693 2235 con-

119 2250 277 2297 ditione,
296 2262 414 2301 eoque
441 2251 618 2300 auspiciO,
647 2259 692 2288 ut

118 2304 150 2340 si
182 2312 219 2340 te
256 2303 341 2345 inde
373 2303 587 2348 exemerim,
622 2316 692 2353 ego

119 2369 187 2408 pro
217 2364 255 2394 te
279 2355 429 2394 molam.
484 2353 693 2394 Intellexis-

117 2410 197 2447 tine
218 2408 307 2460 quid
322 2407 392 2446 hoc
409 2408 491 2447 est?
506 2408 585 2457 (An
601 2422 695 2447 non-

307 834 381 858 non
413 820 531 858 intelli
559 834 595 858 o.
647 821 703 860 Si.
737 868 740 879 Α

775 153 834 206 Ρ.
867 151 1217 208 TERENTII
1250 153 1544 212 ANDRJA.

759 293 903 348 Dum
940 303 1138 364 ternpus
1172 295 1236 347 ad
1268 313 1380 348 eam
1420 315 1527 350 rem
1556 298 1694 364 tulit,
1728 299 1821 352 sivi
1854 299 2084 352 animum
2119 309 2179 352 ut

901 368 1125 434 expleret
1147 385 1312 419 suum.
1989 372 2174 441 [stulat.

757 434 913 494 Nunc
937 436 1024 487 hic
1047 437 1154 488 dies
1177 437 1328 489 aliam
1353 437 1506 490 vita-m
1534 440 1864 506 adfert,-ali0s
1902 461 2062 495 mores
2086 460 2180 511 po-

759 505 967 558 Dehinc
999 510 1213 576 postulo,
1237 508 1339 559 sive
1362 526 1563 577 aequum
1590 520 1680 575 est,
1701 522 1752 563 te
1787 531 1890 578 oro,
1924 513 2084 579 Dave,
2120 521 2179 564 ut

900 578 1071 630 redeat
1087 578 1195 648 jam
1223 579 1276 630 in
1297 579 1450 631 viam.
1481 635 1487 649 ¹

758 645 1013 701 Da.=Hoc
1032 650 1160 718 quid
1183 650 1246 701 sit
1266 651 1282 701 ?
1324 649 1396 703 Si.
1421 667 1613 716 omneS‚
1641 652 1729 721 qui
1753 663 1941 718 amant,
1963 655 2178 723 graviter

898 720 993 772 sibi
1019 721 1124 775 dari
1148 739 1355 773 uxorem
1381 724 1563 781 ferunt.
2105 731 2176 777 20

756 789 867 842 Da.
904 791 982 842 Ita
1004 792 1160 845 aiunt.
1202 791 1274 844 Si.
1300 803 1410 845 tum
1435 791 1476 843 si
1502 791 1611 862 quis
1636 794 1930 864 magistrum
1955 796 2090 867 cepit
2113 796 2180 848 ad

898 880 1010 913 eam
1037 881 1142 915 rem
1170 862 1474 933 improbum,
2143 928 2159 934 ,-

755 933 928 1002 Ipsum
971 934 1203 986 animum
1244 945 1492 1005 aegrotum
1537 935 1600 987 ad
1643 936 1938 989 deteriorem
1980 949 2175 1008 partem

896 1007 1193 1074 plerumque
1217 1006 1452 1075 applicat.
1523 1006 1547 1016 ““
2153 1047 2157 1050 -

752 1074 860 1128 Da.
885 1076 1003 1128 Non
1031 1076 1198 1129 hercle
1222 1077 1469 1147 intelligo.
1499 1078 1570 1130 Si.
1590 1079 1720 1131 non?
1749 1080 1884 1131 hem.
1909 1078 2021 1132 Da.
2040 1097 2171 1135 non:

896 1147 1078 1199 Davus
1101 1166 1228 1213 swn,
1257 1166 1353 1199 non
1378 1150 1615 1216 Oedipus
1644 1176 1649 1179 ·
2024 1148 2054 1164 ⁶

754 1217 828 1270 Si.
848 1218 1049 1288 Nempe
1073 1237 1192 1289 ergo
1210 1222 1378 1289 aperte
1398 1220 1486 1287 vIS,
1510 1239 1624 1291 quae
1643 1231 1845 1284 restant,
1870 1240 1953 1274 me
1978 1223 2117 1293 loqui
2133 1223 2176 1287 ?'.

890 1289 1014 1342 Dm
1043 1294 1160 1342 sane
1185 1291 1409 1361 quidem.
2146 1337 2151 1340 .

754 1358 825 1412 Si.
865 1359 920 1411 Si
945 1379 1144 1414 sensero
1166 1362 1316 1414 hodie
1340 1363 1613 1432 quidquam
1640 1363 1693 1415 in
1716 1364 1796 1416 his
1818 1374 1869 1416 te
1893 1364 2082 1435 nuptiis
2108 1370 2174 1418 25

752 1430 796 1483 F
795 1430 989 1484 allaciae
1015 1433 1201 1499 conari,
1225 1435 1324 1503 quo
1346 1432 1470 1486 fiant
1494 1434 1662 1487 minus
1676 1453 1692 1499 3

743 1503 858 1553 -Aut
875 1505 1004 1555 velle
1029 1504 1083 1555 in'
1107 1507 1166 1556 ea
1189 1522 1242 1556 re
1266 1505 1478 1569 ostendi,
1503 1507 1654 1574 quam
1679 1505 1743 1557 sis
1769 1508 1978 1560 callidus
1996 1527 2011 1558 ε
2049 1507 2058 1536 '
2072 1493 2077 1498 “

750 1573 1052 1626 Verberibus
1091 1593 1276 1627 caesum
1315 1586 1365 1627 te
1410 1576 1464 1628 in
1499 1573 1785 1646 pistrinum,
1805 1578 1969 1643 Dave,
1993 1578 2176 1632 dedam

890 1664 1048 1717 usque
1072 1647 1135 1698 ad
1159 1663 1372 1712 necem3
1399 1644 1406 1651 ’
1758 1649 1867 1718 [pro
1892 1660 1941 1702 te
1968 1651 2173 1705 molam.

748 1715 828 1767 Ea
851 1718 964 1785 lege
989 1727 1139 1788 atque
1164 1718 1353 1782 omine,
1379 1727 1452 1784 ut,
1481 1718 1521 1770 si
1545 1726 1595 1770 te
1621 1719 1739 1771 inde
1763 1720 2178 1790 exemerim,wego

750 1787 907 1852 Quid,
931 1789 1032 1840 hoc
1067 1790 1398 1857 intellexti'n’?
1437 1809 1502 1842 an
1528 1792 1756 1843 nondum
1787 1792 1939 1845 etiam
1976 1809 2043 1844 ne
2078 1793 2177 1846 hoc

889 1859 1129 1928 quidem?
1168 1861 1279 1914 Da.
1307 1861 1428 1926 imo,
1454 1862 1664 1915 callide:
1708 1895 1718 1909 ·
2104 1870 2177 1916 30

748 1928 825 1982 Ita
849 1933 1018 2000 aperte
1043 1931 1202 2001 ipsam
1228 1950 1334 1984 rem
1354 1933 1506 1985 modo
1529 1935 1754 1985 locutus:
1785 1932 1857 1984 nil
1878 1933 2175 1987 circuitione

889 2020 1005 2053 usus
1031 2021 1099 2055 eS.
1342 2004 1345 2005 ⁷
1910 2004 2173 2073 [deludier.
2189 2057 2202 2069 ,

751 2072 823 2124 Si.
849 2073 1026 2145 Ubivis
1051 2074 1246 2126 facilius
1277 2093 1445 2144 passus
1466 2074 1581 2141 sim,
1610 2077 1764 2145 quam
1797 2075 1851 2126 in
1871 2075 1971 2128 hac
1994 2094 2064 2140 re,
2089 2093 2173 2128 me

748 2143 856 2196 Da.
891 2144 1038 2197 Bona
1079 2147 1244 2211 verba,
1288 2165 1473 2216 quaeso,
1546 2147 1618 2199 Si.
1658 2147 1871 2199 Irrides?
1921 2146 2050 2199 nihil
2090 2162 2172 2200 me

887 2215 1034 2269 fallis.
1108 2217 1210 2268 Sed
1235 2217 1350 2269 dico
1373 2217 1482 2282 tibi,
2238 2265 2242 2269 .

745 2287 827 2341 Ne
863 2291 1053 2340 temere
1091 2289 1220 2340 facia
1298 2307 1461 2358 neque
1504 2298 1559 2341 tu
1595 2288 1730 2340 haud
1766 2289 1902 2341 dicas
1938 2288 2033 2341 tibi
2069 2306 2173 2351 non
2251 2302 2255 2306 ”

885 2360 1218 2428 praedictum:
1288 2378 1394 2412 ave.

119 2463 209 2500 dum
227 2475 275 2499 ne
292 2459 366 2500 hoc
384 2461 532 2512 quidem
561 2462 763 2514 intelligis?
794 2463 871 2501 Da.
891 2461 974 2501 Ιηιὸ
991 2461 1152 2514 perfecte
1171 2462 1335 2502 intellexi
1349 2463 1441 2508 :Ata
1465 2463 1562 2503 clare
1584 2477 1662 2503 rem
1691 2466 1918 2517 expressisti,
1943 2465 2024 2504 sine
2041 2465 2174 2507 circui-

117 2516 221 2552 tione
239 2514 445 2560 verborum.
497 2514 554 2552 Si.
582 2513 626 2553 In
646 2516 772 2567 quavis
791 2515 876 2561 alia,
895 2516 1007 2566 quam
1033 2516 1072 2553 in
1098 2515 1168 2554 hac
1188 2529 1241 2562 re,
1260 2530 1318 2555 me
1337 2516 1458 2568 decipi
1476 2518 1601 2568 potius
1624 2530 1750 2568 passus
1767 2518 1851 2557 sim.
1905 2518 1983 2556 Da.
2009 2516 2174 2556 Meliora

118 2568 283 2619 loquere,
301 2579 439 2619 quoes0.
491 2567 549 2605 Si.
578 2567 736 2607 Irrides?
768 2567 863 2606 nihil
881 2581 941 2606 me
959 2568 1061 2606 lates.
1114 2566 1190 2606 Sed
1206 2570 1435 2620 praenuncio,
1451 2583 1498 2607 ne
1516 2571 1657 2608 temere
1670 2571 1709 2609 in
1728 2569 1796 2608 hac
1815 2583 1854 2609 re
1873 2571 2072 2622 quidquam
2097 2569 2172 2611 doli

115 2620 275 2668 «oneris,
293 2633 415 2671 neque
434 2627 476 2658 tu
494 2620 591 2660 dicas
610 2631 738 2674 postea
756 2621 825 2660 tibi
844 2635 920 2659 non
938 2620 1052 2660 fuisse
1068 2621 1309 2674 praedictum:
1327 2625 1423 2660 'cave
1438 2622 1508 2661 tibi
1525 2623 1621 2662 dico.

173 2887 223 2922 19
249 2880 336 2919 Sive
352 2894 498 2931 equum
516 2880 596 2931 esa]
628 2879 775 2919 Ironica
801 2882 996 2928 correctio,
1015 2880 1117 2920 ἔσα-

115 2933 290 2986 νόρθωσις.
344 2933 443 2977 Quae
459 2934 559 2972 tollit
575 2934 609 2972 id
622 2935 722 2984 quod
740 2935 880 2972 dictum
900 2944 971 2981 est,
994 2944 1031 2973 et
1050 2948 1118 2987 pro

117 3001 178 3035 eo,
191 2988 291 3039 quod
307 2988 424 3039 magis
443 2987 617 3026 idoneum
635 2988 793 3035 videtur,
808 2988 967 3038 reponit.

170 3049 220 3080 23
250 3041 375 3092 Hem]
407 3039 624 3091 Interjectio
653 3049 709 3078 est
733 3040 938 3087 irascentis,
965 3048 1031 3078 aut
1059 3041 1117 3078 in-

115 3093 316 3146 dignantis,

168 3148 303 3186 Davus
318 3157 415 3192 sum,
429 3159 503 3184 non
519 3144 708 3198 Oedipus]

114 3199 160 3239 ab
183 3198 319 3251 Oedipi
350 3206 390 3242 et
417 3197 597 3252 Sphingis
630 3196 765 3236 fabula.
819 3196 985 3250 Oedipus
1016 3199 1115 3237 solus

114 3250 295 3305 Sphingis
314 3250 474 3304 aenigma
490 3251 612 3297 solvit,
632 3251 789 3298 scilicet,
815 3251 906 3302 quid
923 3259 1020 3289 esset
1036 3252 1116 3290 ani-

114 3305 186 3342 mal
231 3305 338 3342 mane
372 3304 592 3357 quadrupes,
625 3304 778 3343 meridie
814 3303 935 3356 bipes,
973 3305 1114 3357 vesperi

112 3359 224 3409 tripes
239 3372 248 3395 z
276 3358 375 3408 quod
390 3358 540 3407 quidem
558 3355 674 3395 homo
689 3366 760 3394 est.
976 3367 980 3371 ’

165 3419 213 3449 28
245 3411 292 3447 Te
317 3412 358 3447 in
379 3411 593 3461 pistrinum,
623 3410 743 3456 Dave,
767 3407 926 3460 dedam]

109 3474 202 3501 uum
218 3463 320 3500 locus
340 3463 595 3514 cstpinsendo
613 3462 801 3501 frumento
813 3461 1032 3508 destinatum,
1046 3461 1113 3501 ubi

109 3515 217 3564 molae
239 3515 423 3554 trusatiles
449 3516 557 3553 dictae
575 3515 598 3553 a
620 3514 817 3561 trudendo,
842 3528 927 3565 quae
947 3513 1114 3566 impelle-

923 2765 998 2805 AN
1004 2765 1363 2807 NOTATIONES.

1223 2890 1274 2923 29
1302 2883 1423 2933 Atque
1440 2882 1586 2934 omina]
1643 2882 1711 2922 Est
1739 2884 1887 2932 signum
1916 2881 2031 2922 futuri
2060 2896 2170 2922 even·

1168 2935 1241 2973 tfls.
1267 2934 1389 2973 Plaut.
1414 2937 1454 2974 in
1480 2934 1630 2982 Casina,
1649 2934 1808 2974 Aet.11.
1836 2933 1897 2974 Sc.
1923 2933 2035 2974 VIII·
2072 2938 2170 2974 Nos-

1170 2993 1224 3024 tro
1241 2990 1360 3026 emim:
1373 2989 1402 3026 ie
1419 2990 1503 3027 dies.
1556 2987 1600 3026 Id
1615 2991 1685 3034 est,
1701 2988 1903 3040 auspicati),
1922 2987 2169 3040 feliciterque,

1170 3041 1208 3078 id
1225 3049 1295 3087 est,
1313 3039 1436 3079 Omen
1455 3050 1511 3080 est
1527 3050 1708 3088 nostrum,
1724 3054 1799 3078 non
1817 3040 2116 3080 adversariorum.

1224 3099 1273 3131 38
1304 3095 1412 3132 Nihil
1442 3107 1499 3132 me
1523 3093 1660 3145 sellie]
1729 3091 1774 3132 Id
1802 3102 1872 3141 est,
1901 3093 2003 3132 lates.
2056 3093 2168 3132 Ovid.

1169 3143 1278 3196 Eleg.
1296 3154 1334 3184 2.
1352 3146 1418 3184 lib.
1432 3144 1501 3184 IV.
1513 3144 1627 3185 Trist.
2216 3167 2217 3170 =

1221 3200 1301 3238 Nos
1314 3201 1442 3252 procul
1459 3201 1625 3252 expulsos
1643 3199 1849 3237 communia
1858 3197 2168 3249 gaudiaffliml.

1169 3249 1213 3289 Id
1241 3260 1311 3298 est,
1340 3251 1468 3290 latent.
1533 3250 1627 3289 Hor.
1668 3251 1805 3302 Segetis
1834 3257 1928 3291 certa
1946 3253 2045 3303 fides
2075 3264 2169 3291 meo

1167 3304 1381 3353 Fulgentem
1409 3305 1559 3358 imperio
1582 3302 1727 3355 ser'tilis
1763 3303 1904 3355 Asricoe
1936 3305 2051 3343 Fallit
2076 3310 2170 3344 soroe

1167 3358 1313 3395 beatior.
1769 3386 1775 3398 .

1219 3416 1271 3447 34
1300 3410 1427 3460 Neque
1445 3413 1485 3446 tu
1503 3409 1604 3447 haud
1627 3410 1727 3447 olims
1745 3409 1809 3448 tibi
1827 3407 2162 3501 nongaedictm]

1165 3462 1364 3500 Goveanus
1391 3461 1500 3514 legit,
1517 3463 1643 3513 Neque
1666 3468 1707 3500 tu
1720 3462 1799 3508 hoc,
1817 3475 1894 3500 non
1957 3463 2019 3500 ud.
2071 3459 2167 3500 Mu-

1166 3523 1266 3554 retus
1289 3516 1339 3553 ita
1356 3515 1428 3552 ait:
1450 3513 1642 3565 Quicquid
1656 3515 1754 3554 dicat
1771 3516 1944 3554 Donatus
1960 3515 2164 3564 legendum,

764 3143 956 3198 Allegoria
969 3154 1119 3198 sumpta

984 3406 1115 3447 Pistri-

106 3566 244 3607 bantur
260 3567 283 3611 ἃ
308 3569 433 3615 servis,
453 3569 518 3620 qui
544 3581 611 3620 per
633 3567 842 3606 convicium
862 3567 971 3606 Asini
986 3567 1112 3605 audie·
1162 3566 1265 3614 Hoc,
1298 3580 1372 3605 non
1398 3565 1524 3605 Haud.
1578 3566 1648 3606 Est
1675 3568 1777 3605 enim
1806 3567 1910 3615 ordo,
1938 3575 1980 3605 et
2010 3578 2162 3612 sensusg

103 3619 211 3669 bant,
248 3629 288 3658 et
325 3621 434 3660 molae
459 3634 608 3674 quoque
642 3621 889 3672 contemptim
919 3620 1110 3672 praesepia.
1162 3633 1296 3672 neque,
1317 3619 1353 3658 id
1369 3628 1439 3667 est,
1461 3629 1502 3658 et
1518 3633 1566 3658 ne
1584 3629 1626 3658 tu
1645 3620 1769 3659 dicere
1781 3622 1898 3672 possis
1911 3618 1984 3659 hoc
2001 3617 2070 3659 tibi
2086 3630 2164 3658 nou

103 3671 202 3712 Aliae
227 3671 331 3712 erant
359 3673 543 3713 versatiles
571 3674 697 3722 dictae,
715 3686 799 3726 quae
826 3673 1063 3713 versabantur
1089 3672 1111 3726 ὲ

97 3724 294 3776 jumentis.

1162 3673 1397 3726 praedictunn
1415 3685 1464 3711 en
1480 3673 1666 3727 proedic03
1695 3685 1795 3713 cave.
