<?xml version="1.0" encoding="UTF-8"?>
<!DOCTYPE html PUBLIC "-//W3C//DTD XHTML 1.0 Transitional//EN"
    "http://www.w3.org/TR/xhtml1/DTD/xhtml1-transitional.dtd">
<html xmlns="http://www.w3.org/1999/xhtml" xml:lang="en" lang="en">
 <head>
  <title>
</title>
<meta http-equiv="Content-Type" content="text/html;charset=utf-8" />
  <meta name='ocr-system' content='tesseract 3.04.00' />
  <meta name='ocr-capabilities' content='ocr_page ocr_carea ocr_par ocr_line ocrx_word'/>
</head>
<body>
  <div class='ocr_page' id='page_1' title='image "./comoediaesexinte00tereuoft_0296.png"; bbox 0 0 2314 3944; ppageno 0'>
   <div class='ocr_carea' id='block_1_1' title="bbox 155 176 257 228">
    <p class='ocr_par' dir='ltr' id='par_1_1' title="bbox 155 176 257 228">
     <span class='ocr_line' id='line_1_1' title="bbox 155 176 257 228; baseline -0.02 0"><span class='ocrx_word' id='word_1_1' title='bbox 155 176 257 228; x_wconf 70' lang='lat'>1218</span> 
     </span>
    </p>
   </div>
   <div class='ocr_carea' id='block_1_2' title="bbox 133 314 729 3340">
    <p class='ocr_par' dir='ltr' id='par_1_2' title="bbox 143 314 729 1113">
     <span class='ocr_line' id='line_1_2' title="bbox 152 314 727 370; baseline -0.01 -13"><span class='ocrx_word' id='word_1_2' title='bbox 152 330 239 370; x_wconf 64' lang='lat' dir='ltr'>quae</span> <span class='ocrx_word' id='word_1_3' title='bbox 266 317 338 355; x_wconf 85' lang='lat' dir='ltr'>tibi</span> <span class='ocrx_word' id='word_1_4' title='bbox 357 316 477 355; x_wconf 84' lang='lat' dir='ltr'>dulcia</span> <span class='ocrx_word' id='word_1_5' title='bbox 502 322 541 354; x_wconf 84' lang='lat' dir='ltr'>et</span> <span class='ocrx_word' id='word_1_6' title='bbox 560 314 727 365; x_wconf 81' lang='lat' dir='ltr'>jucunda</span> 
     </span>
     <span class='ocr_line' id='line_1_3' title="bbox 153 367 727 422; baseline -0.012 -12"><span class='ocrx_word' id='word_1_7' title='bbox 153 385 244 411; x_wconf 83' lang='lat' dir='ltr'>sunt</span> <span class='ocrx_word' id='word_1_8' title='bbox 272 372 311 410; x_wconf 89' lang='lat' dir='ltr'>in</span> <span class='ocrx_word' id='word_1_9' title='bbox 341 379 508 422; x_wconf 84' lang='lat' dir='ltr'>tempore</span> <span class='ocrx_word' id='word_1_10' title='bbox 536 367 727 419; x_wconf 79' lang='lat' dir='ltr'>proesenti,</span> 
     </span>
     <span class='ocr_line' id='line_1_4' title="bbox 152 419 729 477; baseline -0.014 -13"><span class='ocrx_word' id='word_1_11' title='bbox 152 440 274 477; x_wconf 82' lang='lat' dir='ltr'>neque</span> <span class='ocrx_word' id='word_1_12' title='bbox 288 423 476 476; x_wconf 84' lang='lat' dir='ltr'>providere</span> <span class='ocrx_word' id='word_1_13' title='bbox 492 422 603 471; x_wconf 69' lang='lat' dir='ltr'>longe.</span> <span class='ocrx_word' id='word_1_14' title='bbox 617 421 655 458; x_wconf 91' lang='lat' dir='ltr'>in</span> <span class='ocrx_word' id='word_1_15' title='bbox 669 419 729 457; x_wconf 81' lang='lat' dir='ltr'>fu-</span> 
     </span>
     <span class='ocr_line' id='line_1_5' title="bbox 154 473 728 524; baseline -0.017 -5"><span class='ocrx_word' id='word_1_16' title='bbox 154 489 300 524; x_wconf 76' lang='lat' dir='ltr'>turum3</span> <span class='ocrx_word' id='word_1_17' title='bbox 331 477 454 515; x_wconf 87' lang='lat' dir='ltr'>inveni</span> <span class='ocrx_word' id='word_1_18' title='bbox 486 473 651 518; x_wconf 87' lang='lat' dir='ltr'>modum,</span> <span class='ocrx_word' id='word_1_19' title='bbox 683 479 728 510; x_wconf 88' lang='lat' dir='ltr'>ut</span> 
     </span>
     <span class='ocr_line' id='line_1_6' title="bbox 152 530 727 583; baseline -0.017 -12"><span class='ocrx_word' id='word_1_20' title='bbox 152 547 276 583; x_wconf 84' lang='lat' dir='ltr'>neque</span> <span class='ocrx_word' id='word_1_21' title='bbox 291 540 331 569; x_wconf 81' lang='lat' dir='ltr'>tu</span> <span class='ocrx_word' id='word_1_22' title='bbox 350 530 532 579; x_wconf 83' lang='lat' dir='ltr'>indigeres</span> <span class='ocrx_word' id='word_1_23' title='bbox 559 539 727 564; x_wconf 87' lang='lat' dir='ltr'>necessa-</span> 
     </span>
     <span class='ocr_line' id='line_1_7' title="bbox 153 579 726 633; baseline -0.016 -9"><span class='ocrx_word' id='word_1_24' title='bbox 153 587 232 632; x_wconf 84' lang='lat' dir='ltr'>riis,</span> <span class='ocrx_word' id='word_1_25' title='bbox 253 597 373 633; x_wconf 85' lang='lat' dir='ltr'>neque</span> <span class='ocrx_word' id='word_1_26' title='bbox 392 594 516 633; x_wconf 89' lang='lat' dir='ltr'>posses</span> <span class='ocrx_word' id='word_1_27' title='bbox 534 579 726 616; x_wconf 80' lang='lat' dir='ltr'>absumere</span> 
     </span>
     <span class='ocr_line' id='line_1_8' title="bbox 149 631 727 683; baseline -0.017 -4"><span class='ocrx_word' id='word_1_28' title='bbox 149 640 231 678; x_wconf 80' lang='lat' dir='ltr'>haec</span> <span class='ocrx_word' id='word_1_29' title='bbox 261 651 344 676; x_wconf 90' lang='lat' dir='ltr'>mea</span> <span class='ocrx_word' id='word_1_30' title='bbox 367 636 477 673; x_wconf 86' lang='lat' dir='ltr'>bona.</span> <span class='ocrx_word' id='word_1_31' title='bbox 529 631 727 683; x_wconf 80' lang='lat' dir='ltr'>Postquam</span> 
     </span>
     <span class='ocr_line' id='line_1_9' title="bbox 148 684 726 739; baseline -0.017 -8"><span class='ocrx_word' id='word_1_32' title='bbox 148 693 234 739; x_wconf 79' lang='lat' dir='ltr'>tibi,</span> <span class='ocrx_word' id='word_1_33' title='bbox 253 692 313 728; x_wconf 86' lang='lat' dir='ltr'>cui</span> <span class='ocrx_word' id='word_1_34' title='bbox 341 688 454 726; x_wconf 86' lang='lat' dir='ltr'>debui</span> <span class='ocrx_word' id='word_1_35' title='bbox 469 687 588 739; x_wconf 88' lang='lat' dir='ltr'>primo</span> <span class='ocrx_word' id='word_1_36' title='bbox 607 684 726 722; x_wconf 79' lang='lat' dir='ltr'>haere-</span> 
     </span>
     <span class='ocr_line' id='line_1_10' title="bbox 149 742 724 793; baseline -0.017 -9"><span class='ocrx_word' id='word_1_37' title='bbox 149 747 204 792; x_wconf 83' lang='lat' dir='ltr'>di,</span> <span class='ocrx_word' id='word_1_38' title='bbox 230 758 306 782; x_wconf 85' lang='lat' dir='ltr'>non</span> <span class='ocrx_word' id='word_1_39' title='bbox 334 742 438 793; x_wconf 86' lang='lat' dir='ltr'>potui</span> <span class='ocrx_word' id='word_1_40' title='bbox 463 748 615 792; x_wconf 87' lang='lat' dir='ltr'>propter</span> <span class='ocrx_word' id='word_1_41' title='bbox 640 747 724 775; x_wconf 85' lang='lat' dir='ltr'>tuos</span> 
     </span>
     <span class='ocr_line' id='line_1_11' title="bbox 146 793 725 838; baseline -0.017 -1"><span class='ocrx_word' id='word_1_42' title='bbox 146 811 268 838; x_wconf 88' lang='lat' dir='ltr'>mores</span> <span class='ocrx_word' id='word_1_43' title='bbox 278 809 361 834; x_wconf 83' lang='lat' dir='ltr'>mea</span> <span class='ocrx_word' id='word_1_44' title='bbox 369 795 468 832; x_wconf 86' lang='lat' dir='ltr'>bona</span> <span class='ocrx_word' id='word_1_45' title='bbox 476 793 627 838; x_wconf 83' lang='lat' dir='ltr'>donare,</span> <span class='ocrx_word' id='word_1_46' title='bbox 636 805 725 828; x_wconf 89' lang='lat' dir='ltr'>con-</span> 
     </span>
     <span class='ocr_line' id='line_1_12' title="bbox 143 845 725 897; baseline -0.015 -7"><span class='ocrx_word' id='word_1_47' title='bbox 143 852 238 890; x_wconf 83' lang='lat' dir='ltr'>verti</span> <span class='ocrx_word' id='word_1_48' title='bbox 253 863 314 888; x_wconf 88' lang='lat' dir='ltr'>me</span> <span class='ocrx_word' id='word_1_49' title='bbox 333 849 379 886; x_wconf 89' lang='lat' dir='ltr'>ad</span> <span class='ocrx_word' id='word_1_50' title='bbox 404 845 725 897; x_wconf 83' lang='lat' dir='ltr'>consanguinitate</span> 
     </span>
     <span class='ocr_line' id='line_1_13' title="bbox 146 898 725 956; baseline -0.014 -13"><span class='ocrx_word' id='word_1_51' title='bbox 146 905 218 943; x_wconf 85' lang='lat' dir='ltr'>tibi</span> <span class='ocrx_word' id='word_1_52' title='bbox 236 903 437 956; x_wconf 85' lang='lat' dir='ltr'>proximos,</span> <span class='ocrx_word' id='word_1_53' title='bbox 451 911 586 949; x_wconf 86' lang='lat' dir='ltr'><strong>nempe</strong></span> <span class='ocrx_word' id='word_1_54' title='bbox 603 898 650 936; x_wconf 87' lang='lat' dir='ltr'>ad</span> <span class='ocrx_word' id='word_1_55' title='bbox 665 911 725 935; x_wconf 81' lang='lat' dir='ltr'>so-</span> 
     </span>
     <span class='ocr_line' id='line_1_14' title="bbox 144 952 725 996; baseline -0.017 0"><span class='ocrx_word' id='word_1_56' title='bbox 144 969 290 996; x_wconf 83' lang='lat' dir='ltr'>rorem:</span> <span class='ocrx_word' id='word_1_57' title='bbox 327 967 456 993; x_wconf 88' lang='lat' dir='ltr'>eorum</span> <span class='ocrx_word' id='word_1_58' title='bbox 494 952 580 989; x_wconf 84' lang='lat' dir='ltr'>fidei</span> <span class='ocrx_word' id='word_1_59' title='bbox 624 964 725 988; x_wconf 88' lang='lat' dir='ltr'>com-</span> 
     </span>
     <span class='ocr_line' id='line_1_15' title="bbox 144 1003 726 1058; baseline -0.015 -9"><span class='ocrx_word' id='word_1_60' title='bbox 144 1010 332 1056; x_wconf 86' lang='lat' dir='ltr'>mendavi,</span> <span class='ocrx_word' id='word_1_61' title='bbox 367 1005 404 1045; x_wconf 95' lang='grc' dir='ltr'>Ο</span> <span class='ocrx_word' id='word_1_62' title='bbox 440 1003 624 1058; x_wconf 75' lang='lat' dir='ltr'>Clitipho,</span> <span class='ocrx_word' id='word_1_63' title='bbox 665 1003 726 1041; x_wconf 86' lang='lat' dir='ltr'>illa</span> 
     </span>
     <span class='ocr_line' id='line_1_16' title="bbox 144 1057 726 1113; baseline -0.015 -10"><span class='ocrx_word' id='word_1_64' title='bbox 144 1063 264 1110; x_wconf 77' lang='lat' dir='ltr'>bona3</span> <span class='ocrx_word' id='word_1_65' title='bbox 292 1061 407 1113; x_wconf 85' lang='lat' dir='ltr'>apud</span> <span class='ocrx_word' id='word_1_66' title='bbox 443 1072 507 1097; x_wconf 86' lang='lat' dir='ltr'>eos</span> <span class='ocrx_word' id='word_1_67' title='bbox 542 1057 726 1109; x_wconf 84' lang='lat' dir='ltr'><strong>quoddam</strong></span> 
     </span>
    </p>

    <p class='ocr_par' dir='ltr' id='par_1_3' title="bbox 133 1110 726 3340">
     <span class='ocr_line' id='line_1_17' title="bbox 176 1110 725 1168; baseline -0.015 -13"><span class='ocrx_word' id='word_1_68' title='bbox 176 1114 377 1168; x_wconf 70' lang='lat' dir='ltr'>effugium,</span> <span class='ocrx_word' id='word_1_69' title='bbox 403 1121 516 1163; x_wconf 87' lang='lat' dir='ltr'>atque</span> <span class='ocrx_word' id='word_1_70' title='bbox 546 1110 725 1149; x_wconf 83' lang='lat' dir='ltr'>auxilium</span> 
     </span>
     <span class='ocr_line' id='line_1_18' title="bbox 147 1131 726 1218; baseline -0.014 -10"><span class='ocrx_word' id='word_1_71' title='bbox 147 1131 303 1208; x_wconf 67' lang='lat' dir='ltr'>liabebis</span> <span class='ocrx_word' id='word_1_72' title='bbox 345 1179 491 1218; x_wconf 88' lang='lat' dir='ltr'><strong>semper</strong></span> <span class='ocrx_word' id='word_1_73' title='bbox 521 1173 598 1202; x_wconf 80' lang='lat' dir='ltr'>tuae</span> <span class='ocrx_word' id='word_1_74' title='bbox 633 1162 726 1201; x_wconf 88' lang='lat' dir='ltr'>stul-</span> 
     </span>
     <span class='ocr_line' id='line_1_19' title="bbox 146 1219 725 1268; baseline -0.014 -7"><span class='ocrx_word' id='word_1_75' title='bbox 146 1224 258 1268; x_wconf 78' lang='lat' dir='ltr'>titioe3</span> <span class='ocrx_word' id='word_1_76' title='bbox 287 1221 441 1265; x_wconf 87' lang='lat' dir='ltr'>victum,</span> <span class='ocrx_word' id='word_1_77' title='bbox 468 1219 655 1262; x_wconf 84' lang='lat' dir='ltr'>vestitum,</span> <span class='ocrx_word' id='word_1_78' title='bbox 685 1225 725 1254; x_wconf 87' lang='lat' dir='ltr'>et</span> 
     </span>
     <span class='ocr_line' id='line_1_20' title="bbox 143 1269 725 1324; baseline -0.014 -10"><span class='ocrx_word' id='word_1_79' title='bbox 143 1285 298 1320; x_wconf 84' lang='lat' dir='ltr'>tectum,</span> <span class='ocrx_word' id='word_1_80' title='bbox 344 1273 421 1324; x_wconf 66' lang='lat' dir='ltr'>quo</span> <span class='ocrx_word' id='word_1_81' title='bbox 470 1279 508 1309; x_wconf 88' lang='lat' dir='ltr'>te</span> <span class='ocrx_word' id='word_1_82' title='bbox 559 1269 725 1321; x_wconf 76' lang='lat' dir='ltr'>recipias.</span> 
     </span>
     <span class='ocr_line' id='line_1_21' title="bbox 147 1321 726 1369; baseline -0.017 0"><span class='ocrx_word' id='word_1_83' title='bbox 147 1330 209 1369; x_wconf 85' lang='lat' dir='ltr'>Cl.</span> <span class='ocrx_word' id='word_1_84' title='bbox 236 1327 313 1366; x_wconf 88' lang='lat' dir='ltr'>Hei</span> <span class='ocrx_word' id='word_1_85' title='bbox 328 1324 448 1364; x_wconf 76' lang='lat' dir='ltr'>mihi!</span> <span class='ocrx_word' id='word_1_86' title='bbox 494 1322 564 1362; x_wconf 77' lang='lat' dir='ltr'>Ch.</span> <span class='ocrx_word' id='word_1_87' title='bbox 583 1321 726 1361; x_wconf 84' lang='lat' dir='ltr'>Melius</span> 
     </span>
     <span class='ocr_line' id='line_1_22' title="bbox 143 1376 719 1429; baseline -0.016 -8"><span class='ocrx_word' id='word_1_88' title='bbox 143 1391 200 1420; x_wconf 85' lang='lat' dir='ltr'>est</span> <span class='ocrx_word' id='word_1_89' title='bbox 214 1382 268 1420; x_wconf 84' lang='lat' dir='ltr'>ita</span> <span class='ocrx_word' id='word_1_90' title='bbox 282 1393 342 1418; x_wconf 89' lang='lat' dir='ltr'>me</span> <span class='ocrx_word' id='word_1_91' title='bbox 360 1377 581 1429; x_wconf 79' lang='lat' dir='ltr'>disposuisse</span> <span class='ocrx_word' id='word_1_92' title='bbox 595 1376 640 1414; x_wconf 87' lang='lat' dir='ltr'>de</span> <span class='ocrx_word' id='word_1_93' title='bbox 651 1376 719 1413; x_wconf 94' lang='lat' dir='ltr'>bo-</span> 
     </span>
     <span class='ocr_line' id='line_1_23' title="bbox 139 1428 719 1483; baseline -0.016 -9"><span class='ocrx_word' id='word_1_94' title='bbox 139 1437 199 1474; x_wconf 86' lang='lat' dir='ltr'>nis</span> <span class='ocrx_word' id='word_1_95' title='bbox 220 1434 329 1479; x_wconf 77' lang='lat' dir='ltr'>meis,</span> <span class='ocrx_word' id='word_1_96' title='bbox 355 1433 469 1483; x_wconf 71' lang='lat' dir='ltr'>quam</span> <span class='ocrx_word' id='word_1_97' title='bbox 494 1428 719 1468; x_wconf 76' lang='lat' dir='ltr'>Bacchidem</span> 
     </span>
     <span class='ocr_line' id='line_1_24' title="bbox 141 1482 719 1535; baseline -0.016 -8"><span class='ocrx_word' id='word_1_98' title='bbox 141 1488 226 1527; x_wconf 85' lang='lat' dir='ltr'>haec</span> <span class='ocrx_word' id='word_1_99' title='bbox 243 1486 398 1525; x_wconf 81' lang='lat' dir='ltr'>habere:</span> <span class='ocrx_word' id='word_1_100' title='bbox 427 1484 525 1535; x_wconf 89' lang='lat' dir='ltr'>quod</span> <span class='ocrx_word' id='word_1_101' title='bbox 549 1483 669 1527; x_wconf 83' lang='lat' dir='ltr'>fieret,</span> <span class='ocrx_word' id='word_1_102' title='bbox 688 1482 719 1518; x_wconf 87' lang='lat' dir='ltr'>si</span> 
     </span>
     <span class='ocr_line' id='line_1_25' title="bbox 139 1535 719 1586; baseline -0.014 -6"><span class='ocrx_word' id='word_1_103' title='bbox 139 1550 185 1579; x_wconf 84' lang='lat' dir='ltr'>tu</span> <span class='ocrx_word' id='word_1_104' title='bbox 218 1553 315 1578; x_wconf 85' lang='lat' dir='ltr'>esses</span> <span class='ocrx_word' id='word_1_105' title='bbox 343 1536 437 1576; x_wconf 87' lang='lat' dir='ltr'>mihi</span> <span class='ocrx_word' id='word_1_106' title='bbox 467 1535 597 1574; x_wconf 78' lang='lat' dir='ltr'>haeres.</span> <span class='ocrx_word' id='word_1_107' title='bbox 649 1535 719 1586; x_wconf 85' lang='lat' dir='ltr'>Sy.</span> 
     </span>
     <span class='ocr_line' id='line_1_26' title="bbox 140 1594 720 1645; baseline -0.014 -12"><span class='ocrx_word' id='word_1_108' title='bbox 140 1594 308 1645; x_wconf 83' lang='lat' dir='ltr'>Disperii</span> <span class='ocrx_word' id='word_1_109' title='bbox 321 1607 330 1629; x_wconf 74' lang='grc' dir='ltr'>ι</span> <span class='ocrx_word' id='word_1_110' title='bbox 343 1599 501 1643; x_wconf 86' lang='lat' dir='ltr'>quantos</span> <span class='ocrx_word' id='word_1_111' title='bbox 517 1597 638 1626; x_wconf 84' lang='lat' dir='ltr'>motus</span> <span class='ocrx_word' id='word_1_112' title='bbox 650 1601 720 1639; x_wconf 85' lang='lat' dir='ltr'>ego</span> 
     </span>
     <span class='ocr_line' id='line_1_27' title="bbox 141 1643 721 1693; baseline -0.016 -7"><span class='ocrx_word' id='word_1_113' title='bbox 141 1647 317 1687; x_wconf 74' lang='lat' dir='ltr'>scelestus</span> <span class='ocrx_word' id='word_1_114' title='bbox 375 1643 531 1682; x_wconf 84' lang='lat' dir='ltr'>excitavi</span> <span class='ocrx_word' id='word_1_115' title='bbox 578 1643 721 1693; x_wconf 87' lang='lat' dir='ltr'>impru-</span> 
     </span>
     <span class='ocr_line' id='line_1_28' title="bbox 140 1695 720 1738; baseline -0.014 1"><span class='ocrx_word' id='word_1_116' title='bbox 140 1701 256 1738; x_wconf 86' lang='lat' dir='ltr'>dens?</span> <span class='ocrx_word' id='word_1_117' title='bbox 309 1697 369 1738; x_wconf 86' lang='lat' dir='ltr'>Cl.</span> <span class='ocrx_word' id='word_1_118' title='bbox 383 1695 551 1735; x_wconf 80' lang='lat' dir='ltr'>Mortem</span> <span class='ocrx_word' id='word_1_119' title='bbox 566 1695 720 1733; x_wconf 88' lang='lat' dir='ltr'>omnino</span> 
     </span>
     <span class='ocr_line' id='line_1_29' title="bbox 140 1748 719 1794; baseline -0.014 -2"><span class='ocrx_word' id='word_1_120' title='bbox 140 1754 319 1792; x_wconf 84' lang='lat' dir='ltr'>desidero.</span> <span class='ocrx_word' id='word_1_121' title='bbox 340 1750 410 1790; x_wconf 85' lang='lat' dir='ltr'>Ch.</span> <span class='ocrx_word' id='word_1_122' title='bbox 423 1749 604 1794; x_wconf 84' lang='lat' dir='ltr'>Obsecro,</span> <span class='ocrx_word' id='word_1_123' title='bbox 619 1748 719 1785; x_wconf 89' lang='lat' dir='ltr'>disce</span> 
     </span>
     <span class='ocr_line' id='line_1_30' title="bbox 139 1802 717 1860; baseline -0.014 -14"><span class='ocrx_word' id='word_1_124' title='bbox 139 1808 262 1860; x_wconf 73' lang='lat' dir='ltr'>primo</span> <span class='ocrx_word' id='word_1_125' title='bbox 288 1804 377 1856; x_wconf 87' lang='lat' dir='ltr'>quid</span> <span class='ocrx_word' id='word_1_126' title='bbox 401 1804 450 1841; x_wconf 84' lang='lat' dir='ltr'>sit</span> <span class='ocrx_word' id='word_1_127' title='bbox 477 1815 562 1840; x_wconf 88' lang='lat' dir='ltr'>cum</span> <span class='ocrx_word' id='word_1_128' title='bbox 581 1802 717 1840; x_wconf 83' lang='lat' dir='ltr'>virtute</span> 
     </span>
     <span class='ocr_line' id='line_1_31' title="bbox 138 1853 717 1905; baseline -0.012 -7"><span class='ocrx_word' id='word_1_129' title='bbox 138 1869 179 1898; x_wconf 88' lang='lat' dir='ltr'>et</span> <span class='ocrx_word' id='word_1_130' title='bbox 195 1860 336 1897; x_wconf 83' lang='lat' dir='ltr'>ratione</span> <span class='ocrx_word' id='word_1_131' title='bbox 353 1858 486 1894; x_wconf 83' lang='lat' dir='ltr'>vivere.</span> <span class='ocrx_word' id='word_1_132' title='bbox 517 1853 717 1905; x_wconf 80' lang='lat' dir='ltr'>Postquam</span> 
     </span>
     <span class='ocr_line' id='line_1_32' title="bbox 139 1911 716 1960; baseline -0.012 -9"><span class='ocrx_word' id='word_1_133' title='bbox 139 1913 324 1956; x_wconf 44' lang='lat' dir='ltr'>didicerim</span> <span class='ocrx_word' id='word_1_134' title='bbox 361 1911 393 1948; x_wconf 89' lang='lat' dir='ltr'>si</span> <span class='ocrx_word' id='word_1_135' title='bbox 424 1911 508 1948; x_wconf 83' lang='lat' dir='ltr'>vitae</span> <span class='ocrx_word' id='word_1_136' title='bbox 539 1917 716 1960; x_wconf 85' lang='lat' dir='ltr'>pertaesus</span> 
     </span>
     <span class='ocr_line' id='line_1_33' title="bbox 139 1960 718 2012; baseline -0.014 -7"><span class='ocrx_word' id='word_1_137' title='bbox 139 1965 270 2012; x_wconf 84' lang='lat' dir='ltr'>fueris,</span> <span class='ocrx_word' id='word_1_138' title='bbox 297 1973 389 2002; x_wconf 90' lang='lat' dir='ltr'>tunc</span> <span class='ocrx_word' id='word_1_139' title='bbox 417 1963 535 2002; x_wconf 88' lang='lat' dir='ltr'>utitor</span> <span class='ocrx_word' id='word_1_140' title='bbox 550 1960 623 1999; x_wconf 87' lang='lat' dir='ltr'>hoc</span> <span class='ocrx_word' id='word_1_141' title='bbox 643 1972 718 1998; x_wconf 85' lang='lat' dir='ltr'>ser-</span> 
     </span>
     <span class='ocr_line' id='line_1_34' title="bbox 139 2014 717 2068; baseline -0.014 -10"><span class='ocrx_word' id='word_1_142' title='bbox 139 2032 263 2058; x_wconf 88' lang='lat' dir='ltr'>mone.</span> <span class='ocrx_word' id='word_1_143' title='bbox 316 2017 387 2068; x_wconf 80' lang='lat' dir='ltr'>Sy.</span> <span class='ocrx_word' id='word_1_144' title='bbox 427 2014 492 2054; x_wconf 93' lang='lat' dir='ltr'>An</span> <span class='ocrx_word' id='word_1_145' title='bbox 533 2014 717 2066; x_wconf 79' lang='lat' dir='ltr'>permittis</span> 
     </span>
     <span class='ocr_line' id='line_1_35' title="bbox 138 2065 719 2121; baseline -0.015 -9"><span class='ocrx_word' id='word_1_146' title='bbox 138 2071 246 2114; x_wconf 64' lang='lat' dir='ltr'>mih—&#39;n</span> <span class='ocrx_word' id='word_1_147' title='bbox 256 2082 293 2109; x_wconf 88' lang='lat' dir='ltr'>te</span> <span class='ocrx_word' id='word_1_148' title='bbox 315 2069 481 2121; x_wconf 84' lang='lat' dir='ltr'>alloqui?</span> <span class='ocrx_word' id='word_1_149' title='bbox 541 2066 611 2106; x_wconf 77' lang='lat' dir='ltr'>Ch.</span> <span class='ocrx_word' id='word_1_150' title='bbox 642 2065 719 2104; x_wconf 80' lang='lat' dir='ltr'>Lo-</span> 
     </span>
     <span class='ocr_line' id='line_1_36' title="bbox 139 2119 718 2176; baseline -0.014 -12"><span class='ocrx_word' id='word_1_151' title='bbox 139 2139 267 2176; x_wconf 87' lang='lat' dir='ltr'>quere.</span> <span class='ocrx_word' id='word_1_152' title='bbox 319 2124 390 2174; x_wconf 89' lang='lat' dir='ltr'>Sy.</span> <span class='ocrx_word' id='word_1_153' title='bbox 405 2124 457 2160; x_wconf 85' lang='lat' dir='ltr'>At</span> <span class='ocrx_word' id='word_1_154' title='bbox 469 2121 604 2158; x_wconf 86' lang='lat' dir='ltr'>licetne</span> <span class='ocrx_word' id='word_1_155' title='bbox 616 2119 718 2170; x_wconf 85' lang='lat' dir='ltr'>loqui</span> 
     </span>
     <span class='ocr_line' id='line_1_37' title="bbox 140 2172 717 2225; baseline -0.01 -9"><span class='ocrx_word' id='word_1_156' title='bbox 140 2180 221 2216; x_wconf 86' lang='lat' dir='ltr'>sine</span> <span class='ocrx_word' id='word_1_157' title='bbox 235 2176 428 2225; x_wconf 78' lang='lat' dir='ltr'>periculo?</span> <span class='ocrx_word' id='word_1_158' title='bbox 450 2175 519 2213; x_wconf 78' lang='lat' dir='ltr'>Ch.</span> <span class='ocrx_word' id='word_1_159' title='bbox 534 2172 717 2224; x_wconf 88' lang='lat' dir='ltr'>Loquere.</span> 
     </span>
     <span class='ocr_line' id='line_1_38' title="bbox 137 2226 716 2283; baseline -0.012 -13"><span class='ocrx_word' id='word_1_160' title='bbox 137 2232 210 2283; x_wconf 84' lang='lat' dir='ltr'>Sy.</span> <span class='ocrx_word' id='word_1_161' title='bbox 222 2230 321 2274; x_wconf 82' lang='lat' dir='ltr'>Quae</span> <span class='ocrx_word' id='word_1_162' title='bbox 334 2239 390 2267; x_wconf 84' lang='lat' dir='ltr'>est</span> <span class='ocrx_word' id='word_1_163' title='bbox 403 2229 472 2267; x_wconf 85' lang='lat' dir='ltr'>ista</span> <span class='ocrx_word' id='word_1_164' title='bbox 482 2226 716 2279; x_wconf 84' lang='lat' dir='ltr'>perversitas,</span> 
     </span>
     <span class='ocr_line' id='line_1_39' title="bbox 138 2279 717 2336; baseline -0.012 -13"><span class='ocrx_word' id='word_1_165' title='bbox 138 2284 196 2322; x_wconf 81' lang='lat' dir='ltr'>vel</span> <span class='ocrx_word' id='word_1_166' title='bbox 211 2297 295 2336; x_wconf 85' lang='lat' dir='ltr'>quae</span> <span class='ocrx_word' id='word_1_167' title='bbox 322 2291 378 2320; x_wconf 88' lang='lat' dir='ltr'>est</span> <span class='ocrx_word' id='word_1_168' title='bbox 405 2283 474 2319; x_wconf 90' lang='lat' dir='ltr'>ista</span> <span class='ocrx_word' id='word_1_169' title='bbox 499 2280 634 2318; x_wconf 89' lang='lat' dir='ltr'>mentis</span> <span class='ocrx_word' id='word_1_170' title='bbox 660 2279 717 2317; x_wconf 88' lang='lat' dir='ltr'>in-</span> 
     </span>
     <span class='ocr_line' id='line_1_40' title="bbox 138 2332 718 2384; baseline -0.012 -8"><span class='ocrx_word' id='word_1_171' title='bbox 138 2338 254 2384; x_wconf 82' lang='lat' dir='ltr'>sania,</span> <span class='ocrx_word' id='word_1_172' title='bbox 289 2336 327 2374; x_wconf 90' lang='lat' dir='ltr'>id</span> <span class='ocrx_word' id='word_1_173' title='bbox 356 2347 489 2374; x_wconf 88' lang='lat' dir='ltr'>nocere</span> <span class='ocrx_word' id='word_1_174' title='bbox 520 2332 610 2371; x_wconf 90' lang='lat' dir='ltr'>huic</span> <span class='ocrx_word' id='word_1_175' title='bbox 641 2332 718 2370; x_wconf 81' lang='lat' dir='ltr'>filio</span> 
     </span>
     <span class='ocr_line' id='line_1_41' title="bbox 139 2389 718 2442; baseline -0.01 -13"><span class='ocrx_word' id='word_1_176' title='bbox 139 2400 222 2437; x_wconf 85' lang='lat' dir='ltr'>tuo,</span> <span class='ocrx_word' id='word_1_177' title='bbox 256 2389 355 2442; x_wconf 86' lang='lat' dir='ltr'>quod</span> <span class='ocrx_word' id='word_1_178' title='bbox 391 2395 585 2440; x_wconf 85' lang='lat' dir='ltr'>peccatum</span> <span class='ocrx_word' id='word_1_179' title='bbox 616 2399 718 2424; x_wconf 91' lang='lat' dir='ltr'>com-</span> 
     </span>
     <span class='ocr_line' id='line_1_42' title="bbox 138 2439 718 2485; baseline -0.012 -3"><span class='ocrx_word' id='word_1_180' title='bbox 138 2444 250 2482; x_wconf 85' lang='lat' dir='ltr'>misi?</span> <span class='ocrx_word' id='word_1_181' title='bbox 324 2441 393 2482; x_wconf 80' lang='lat' dir='ltr'>eh.</span> <span class='ocrx_word' id='word_1_182' title='bbox 438 2439 564 2485; x_wconf 60' lang='lat' dir='ltr'>Ilicet}</span> <span class='ocrx_word' id='word_1_183' title='bbox 592 2447 718 2477; x_wconf 87' lang='lat' dir='ltr'>actum</span> 
     </span>
     <span class='ocr_line' id='line_1_43' title="bbox 139 2492 718 2548; baseline -0.014 -12"><span class='ocrx_word' id='word_1_184' title='bbox 139 2505 216 2543; x_wconf 78' lang='lat' dir='ltr'>est3</span> <span class='ocrx_word' id='word_1_185' title='bbox 258 2496 360 2548; x_wconf 89' lang='lat' dir='ltr'>quod</span> <span class='ocrx_word' id='word_1_186' title='bbox 393 2493 583 2539; x_wconf 85' lang='lat' dir='ltr'>constitui,</span> <span class='ocrx_word' id='word_1_187' title='bbox 609 2492 718 2543; x_wconf 85' lang='lat' dir='ltr'>perfi-</span> 
     </span>
     <span class='ocr_line' id='line_1_44' title="bbox 138 2544 718 2598; baseline -0.01 -10"><span class='ocrx_word' id='word_1_188' title='bbox 138 2547 379 2588; x_wconf 84' lang='lat' dir='ltr'>cietur.·Noli</span> <span class='ocrx_word' id='word_1_189' title='bbox 403 2557 442 2586; x_wconf 89' lang='lat' dir='ltr'>te</span> <span class='ocrx_word' id='word_1_190' title='bbox 463 2548 503 2585; x_wconf 92' lang='lat' dir='ltr'>in</span> <span class='ocrx_word' id='word_1_191' title='bbox 515 2544 586 2584; x_wconf 91' lang='lat' dir='ltr'>hoc</span> <span class='ocrx_word' id='word_1_192' title='bbox 603 2558 718 2598; x_wconf 84' lang='lat' dir='ltr'>nego-</span> 
     </span>
     <span class='ocr_line' id='line_1_45' title="bbox 137 2597 718 2654; baseline -0.014 -12"><span class='ocrx_word' id='word_1_193' title='bbox 137 2605 193 2641; x_wconf 85' lang='lat' dir='ltr'>tio</span> <span class='ocrx_word' id='word_1_194' title='bbox 227 2603 481 2654; x_wconf 79' lang='lat' dir='ltr'>interponere:</span> <span class='ocrx_word' id='word_1_195' title='bbox 538 2600 562 2637; x_wconf 77' lang='grc' dir='ltr'>ὁ</span> <span class='ocrx_word' id='word_1_196' title='bbox 611 2597 718 2650; x_wconf 82' lang='lat' dir='ltr'>Syre,</span> 
     </span>
     <span class='ocr_line' id='line_1_46' title="bbox 136 2651 718 2698; baseline -0.012 -3"><span class='ocrx_word' id='word_1_197' title='bbox 136 2669 251 2695; x_wconf 84' lang='lat' dir='ltr'>nemo</span> <span class='ocrx_word' id='word_1_198' title='bbox 282 2663 427 2694; x_wconf 81' lang='lat' dir='ltr'>accusat</span> <span class='ocrx_word' id='word_1_199' title='bbox 450 2662 512 2698; x_wconf 90' lang='lat' dir='ltr'>te;</span> <span class='ocrx_word' id='word_1_200' title='bbox 542 2651 618 2690; x_wconf 85' lang='lat' dir='ltr'>noli</span> <span class='ocrx_word' id='word_1_201' title='bbox 646 2651 718 2689; x_wconf 86' lang='lat' dir='ltr'>tibi</span> 
     </span>
     <span class='ocr_line' id='line_1_47' title="bbox 140 2704 716 2760; baseline -0.014 -12"><span class='ocrx_word' id='word_1_202' title='bbox 140 2722 305 2760; x_wconf 73' lang='lat' dir='ltr'>quaerere</span> <span class='ocrx_word' id='word_1_203' title='bbox 323 2708 477 2759; x_wconf 83' lang='lat' dir='ltr'>asylum,</span> <span class='ocrx_word' id='word_1_204' title='bbox 501 2719 567 2742; x_wconf 86' lang='lat' dir='ltr'>nec</span> <span class='ocrx_word' id='word_1_205' title='bbox 586 2704 716 2755; x_wconf 85' lang='lat' dir='ltr'>depre-</span> 
     </span>
     <span class='ocr_line' id='line_1_48' title="bbox 137 2758 712 2812; baseline -0.01 -12"><span class='ocrx_word' id='word_1_206' title='bbox 137 2771 316 2800; x_wconf 79' lang='lat' dir='ltr'>catorem.</span> <span class='ocrx_word' id='word_1_207' title='bbox 368 2761 439 2812; x_wconf 83' lang='lat' dir='ltr'>Sy.</span> <span class='ocrx_word' id='word_1_208' title='bbox 470 2758 576 2801; x_wconf 80' lang='lat' dir='ltr'>Quid</span> <span class='ocrx_word' id='word_1_209' title='bbox 602 2758 712 2809; x_wconf 83' lang='lat' dir='ltr'>agis?</span> 
     </span>
     <span class='ocr_line' id='line_1_49' title="bbox 142 2813 714 2863; baseline -0.012 -9"><span class='ocrx_word' id='word_1_210' title='bbox 142 2814 215 2854; x_wconf 77' lang='lat' dir='ltr'>Ch.</span> <span class='ocrx_word' id='word_1_211' title='bbox 245 2814 339 2852; x_wconf 89' lang='lat' dir='ltr'>Non</span> <span class='ocrx_word' id='word_1_212' title='bbox 374 2813 561 2863; x_wconf 73' lang='lat' dir='ltr'>indignor,</span> <span class='ocrx_word' id='word_1_213' title='bbox 593 2824 714 2862; x_wconf 88' lang='lat' dir='ltr'>neque</span> 
     </span>
     <span class='ocr_line' id='line_1_50' title="bbox 138 2866 716 2914; baseline -0.012 -7"><span class='ocrx_word' id='word_1_214' title='bbox 138 2868 217 2907; x_wconf 86' lang='lat' dir='ltr'>ulla</span> <span class='ocrx_word' id='word_1_215' title='bbox 265 2868 335 2906; x_wconf 84' lang='lat' dir='ltr'>tibi</span> <span class='ocrx_word' id='word_1_216' title='bbox 382 2866 550 2909; x_wconf 86' lang='lat' dir='ltr'>minitor,</span> <span class='ocrx_word' id='word_1_217' title='bbox 595 2877 716 2914; x_wconf 84' lang='lat' dir='ltr'>neque</span> 
     </span>
     <span class='ocr_line' id='line_1_51' title="bbox 138 2918 715 2972; baseline -0.01 -13"><span class='ocrx_word' id='word_1_218' title='bbox 138 2918 369 2972; x_wconf 79' lang='lat' dir='ltr'>Clitiphoni3</span> <span class='ocrx_word' id='word_1_219' title='bbox 401 2931 469 2956; x_wconf 87' lang='lat' dir='ltr'>nec</span> <span class='ocrx_word' id='word_1_220' title='bbox 488 2918 631 2966; x_wconf 79' lang='lat' dir='ltr'>justum</span> <span class='ocrx_word' id='word_1_221' title='bbox 659 2925 715 2954; x_wconf 86' lang='lat' dir='ltr'>est</span> 
     </span>
     <span class='ocr_line' id='line_1_52' title="bbox 139 2969 715 3013; baseline -0.007 -2"><span class='ocrx_word' id='word_1_222' title='bbox 139 2987 203 3013; x_wconf 84' lang='lat' dir='ltr'>vos</span> <span class='ocrx_word' id='word_1_223' title='bbox 226 2974 386 3011; x_wconf 84' lang='lat' dir='ltr'>vicissim</span> <span class='ocrx_word' id='word_1_224' title='bbox 414 2969 507 3009; x_wconf 85' lang='lat' dir='ltr'>mihi</span> <span class='ocrx_word' id='word_1_225' title='bbox 541 2970 645 3007; x_wconf 73' lang='lat' dir='ltr'>irasci</span> <span class='ocrx_word' id='word_1_226' title='bbox 669 2969 715 3007; x_wconf 91' lang='lat' dir='ltr'>de</span> 
     </span>
     <span class='ocr_line' id='line_1_53' title="bbox 139 3021 715 3078; baseline -0.012 -12"><span class='ocrx_word' id='word_1_227' title='bbox 139 3041 202 3074; x_wconf 87' lang='lat' dir='ltr'>eo,</span> <span class='ocrx_word' id='word_1_228' title='bbox 228 3026 330 3078; x_wconf 84' lang='lat' dir='ltr'>quod</span> <span class='ocrx_word' id='word_1_229' title='bbox 359 3022 468 3063; x_wconf 67' lang='lat' dir='ltr'>facio.</span> <span class='ocrx_word' id='word_1_230' title='bbox 520 3023 590 3075; x_wconf 85' lang='lat' dir='ltr'>Sy.</span> <span class='ocrx_word' id='word_1_231' title='bbox 624 3021 715 3060; x_wconf 83' lang='lat' dir='ltr'>Dis-</span> 
     </span>
     <span class='ocr_line' id='line_1_54' title="bbox 137 3076 715 3118; baseline -0.009 0"><span class='ocrx_word' id='word_1_232' title='bbox 137 3081 269 3118; x_wconf 86' lang='lat' dir='ltr'>cessit:</span> <span class='ocrx_word' id='word_1_233' title='bbox 288 3088 328 3117; x_wconf 87' lang='lat' dir='ltr'>at</span> <span class='ocrx_word' id='word_1_234' title='bbox 346 3077 476 3116; x_wconf 88' lang='lat' dir='ltr'>vellem</span> <span class='ocrx_word' id='word_1_235' title='bbox 496 3090 582 3114; x_wconf 85' lang='lat' dir='ltr'>eum</span> <span class='ocrx_word' id='word_1_236' title='bbox 600 3076 715 3113; x_wconf 82' lang='lat' dir='ltr'>inter-</span> 
     </span>
     <span class='ocr_line' id='line_1_55' title="bbox 133 3128 717 3186; baseline -0.009 -15"><span class='ocrx_word' id='word_1_237' title='bbox 133 3134 294 3186; x_wconf 62' lang='lat' dir='ltr'>rogasse.</span> <span class='ocrx_word' id='word_1_238' title='bbox 361 3130 422 3170; x_wconf 77' lang='grc' dir='ltr'><em>ΟΖ.</em></span> <span class='ocrx_word' id='word_1_239' title='bbox 449 3128 582 3173; x_wconf 83' lang='lat' dir='ltr'>Quid?</span> <span class='ocrx_word' id='word_1_240' title='bbox 644 3128 717 3179; x_wconf 75' lang='lat' dir='ltr'>Sy.</span> 
     </span>
     <span class='ocr_line' id='line_1_56' title="bbox 136 3181 711 3225; baseline -0.005 -2"><span class='ocrx_word' id='word_1_241' title='bbox 136 3185 250 3225; x_wconf 78' lang='lat' dir='ltr'>Unde</span> <span class='ocrx_word' id='word_1_242' title='bbox 284 3182 376 3222; x_wconf 87' lang='lat' dir='ltr'>mihi</span> <span class='ocrx_word' id='word_1_243' title='bbox 409 3182 513 3222; x_wconf 84' lang='lat' dir='ltr'>cibus</span> <span class='ocrx_word' id='word_1_244' title='bbox 544 3181 711 3220; x_wconf 82' lang='lat' dir='ltr'>dabitur:</span> 
     </span>
     <span class='ocr_line' id='line_1_57' title="bbox 134 3233 716 3278; baseline -0.009 0"><span class='ocrx_word' id='word_1_245' title='bbox 134 3240 209 3278; x_wconf 86' lang='lat' dir='ltr'>itaa</span> <span class='ocrx_word' id='word_1_246' title='bbox 217 3239 374 3277; x_wconf 79' lang='lat' dir='ltr'>bdicuvit</span> <span class='ocrx_word' id='word_1_247' title='bbox 386 3249 465 3274; x_wconf 87' lang='lat' dir='ltr'>nos.</span> <span class='ocrx_word' id='word_1_248' title='bbox 482 3233 598 3274; x_wconf 91' lang='lat' dir='ltr'>Nunc</span> <span class='ocrx_word' id='word_1_249' title='bbox 608 3234 716 3273; x_wconf 79' lang='lat' dir='ltr'>video</span> 
     </span>
     <span class='ocr_line' id='line_1_58' title="bbox 135 3288 717 3340; baseline -0.009 -10"><span class='ocrx_word' id='word_1_250' title='bbox 135 3303 173 3330; x_wconf 80' lang='lat' dir='ltr'>te</span> <span class='ocrx_word' id='word_1_251' title='bbox 192 3294 328 3330; x_wconf 87' lang='lat' dir='ltr'>victum</span> <span class='ocrx_word' id='word_1_252' title='bbox 347 3289 482 3328; x_wconf 87' lang='lat' dir='ltr'>habere</span> <span class='ocrx_word' id='word_1_253' title='bbox 501 3288 598 3340; x_wconf 87' lang='lat' dir='ltr'>apud</span> <span class='ocrx_word' id='word_1_254' title='bbox 615 3300 717 3326; x_wconf 56' lang='lat' dir='ltr'>soro‘</span> 
     </span>
    </p>
   </div>
   <div class='ocr_carea' id='block_1_3' title="bbox 473 163 1881 226">
    <p class='ocr_par' dir='ltr' id='par_1_4' title="bbox 473 163 1881 226">
     <span class='ocr_line' id='line_1_59' title="bbox 473 163 1881 226; baseline -0.006 -1"><span class='ocrx_word' id='word_1_255' title='bbox 473 172 533 225; x_wconf 90' lang='lat' dir='ltr'>P.</span> <span class='ocrx_word' id='word_1_256' title='bbox 567 163 916 224; x_wconf 85' lang='lat' dir='ltr'>TERENTII</span> <span class='ocrx_word' id='word_1_257' title='bbox 955 163 1881 226; x_wconf 79' lang='lat' dir='ltr'>HEAUTONTIMORUMENOS.</span> 
     </span>
    </p>
   </div>
   <div class='ocr_carea' id='block_1_4' title="bbox 781 289 2206 522">
    <p class='ocr_par' dir='ltr' id='par_1_5' title="bbox 781 289 2206 522">
     <span class='ocr_line' id='line_1_60' title="bbox 781 289 2203 378; baseline 0.001 -20"><span class='ocrx_word' id='word_1_258' title='bbox 781 307 914 364; x_wconf 83' lang='lat' dir='ltr'>Quae</span> <span class='ocrx_word' id='word_1_259' title='bbox 939 313 1119 368; x_wconf 83' lang='lat' dir='ltr'>essent,</span> <span class='ocrx_word' id='word_1_260' title='bbox 1141 305 1306 373; x_wconf 89' lang='lat' dir='ltr'>prima</span> <span class='ocrx_word' id='word_1_261' title='bbox 1320 289 1523 372; x_wconf 87' lang='lat' dir='ltr'>habere,</span> <span class='ocrx_word' id='word_1_262' title='bbox 1546 324 1710 378; x_wconf 86' lang='lat' dir='ltr'>neque</span> <span class='ocrx_word' id='word_1_263' title='bbox 1729 309 1988 364; x_wconf 79' lang='lat' dir='ltr'>consulere</span> <span class='ocrx_word' id='word_1_264' title='bbox 2011 307 2066 361; x_wconf 84' lang='lat' dir='ltr'>in</span> <span class='ocrx_word' id='word_1_265' title='bbox 2090 308 2203 359; x_wconf 88' lang='lat' dir='ltr'>lon-</span> 
     </span>
     <span class='ocr_line' id='line_1_61' title="bbox 922 375 2205 445; baseline 0.002 -17"><span class='ocrx_word' id='word_1_266' title='bbox 922 375 1238 445; x_wconf 85' lang='lat' dir='ltr'>gitudinem;</span> <span class='ocrx_word' id='word_1_267' title='bbox 1667 383 1672 390; x_wconf 79' lang='grc'><em>“</em></span> <span class='ocrx_word' id='word_1_268' title='bbox 1868 420 1869 424; x_wconf 65' lang='lat'>,</span> <span class='ocrx_word' id='word_1_269' title='bbox 2139 386 2205 430; x_wconf 84' lang='lat'>10</span> 
     </span>
     <span class='ocr_line' id='line_1_62' title="bbox 781 448 2206 522; baseline 0.001 -21"><span class='ocrx_word' id='word_1_270' title='bbox 781 449 908 519; x_wconf 86' lang='lat' dir='ltr'>Cepi</span> <span class='ocrx_word' id='word_1_271' title='bbox 926 448 1190 513; x_wconf 85' lang='lat' dir='ltr'>rationem,</span> <span class='ocrx_word' id='word_1_272' title='bbox 1214 458 1272 500; x_wconf 87' lang='lat' dir='ltr'>ut</span> <span class='ocrx_word' id='word_1_273' title='bbox 1296 466 1461 520; x_wconf 89' lang='lat' dir='ltr'>neque</span> <span class='ocrx_word' id='word_1_274' title='bbox 1484 466 1671 518; x_wconf 80' lang='lat' dir='ltr'>egereS‚</span> <span class='ocrx_word' id='word_1_275' title='bbox 1694 468 1858 522; x_wconf 90' lang='lat' dir='ltr'>neque</span> <span class='ocrx_word' id='word_1_276' title='bbox 1877 460 1933 505; x_wconf 84' lang='lat' dir='ltr'>ut</span> <span class='ocrx_word' id='word_1_277' title='bbox 1956 450 2068 503; x_wconf 86' lang='lat' dir='ltr'>haec</span> <span class='ocrx_word' id='word_1_278' title='bbox 2091 469 2206 522; x_wconf 87' lang='lat' dir='ltr'>pos·-</span> 
     </span>
    </p>
   </div>
   <div class='ocr_carea' id='block_1_5' title="bbox 786 521 2208 734">
    <p class='ocr_par' dir='ltr' id='par_1_6' title="bbox 786 521 2208 734">
     <span class='ocr_line' id='line_1_63' title="bbox 920 521 1630 589; baseline 0.003 -18"><span class='ocrx_word' id='word_1_279' title='bbox 920 538 995 571; x_wconf 84' lang='lat' dir='ltr'>ses</span> <span class='ocrx_word' id='word_1_280' title='bbox 1019 521 1242 589; x_wconf 82' lang='lat' dir='ltr'>perdere.</span> <span class='ocrx_word' id='word_1_281' title='bbox 1619 540 1630 553; x_wconf 55' lang='grc'><em>)</em></span> 
     </span>
     <span class='ocr_line' id='line_1_64' title="bbox 786 590 2206 662; baseline 0.001 -18"><span class='ocrx_word' id='word_1_282' title='bbox 786 590 904 658; x_wconf 88' lang='lat' dir='ltr'>Ubi,</span> <span class='ocrx_word' id='word_1_283' title='bbox 931 591 1207 655; x_wconf 85' lang='lat' dir='ltr'>cui-decuit</span> <span class='ocrx_word' id='word_1_284' title='bbox 1239 591 1421 662; x_wconf 85' lang='lat' dir='ltr'>primO,</span> <span class='ocrx_word' id='word_1_285' title='bbox 1459 591 1551 644; x_wconf 87' lang='lat' dir='ltr'>tibi</span> <span class='ocrx_word' id='word_1_286' title='bbox 1590 609 1694 644; x_wconf 90' lang='lat' dir='ltr'>non</span> <span class='ocrx_word' id='word_1_287' title='bbox 1716 591 1862 644; x_wconf 87' lang='lat' dir='ltr'>licuit</span> <span class='ocrx_word' id='word_1_288' title='bbox 1879 611 1971 662; x_wconf 90' lang='lat' dir='ltr'>per</span> <span class='ocrx_word' id='word_1_289' title='bbox 1995 603 2045 646; x_wconf 91' lang='lat' dir='ltr'>te</span> <span class='ocrx_word' id='word_1_290' title='bbox 2075 594 2206 649; x_wconf 83' lang='lat' dir='ltr'>mihi</span> 
     </span>
     <span class='ocr_line' id='line_1_65' title="bbox 923 663 2208 734; baseline 0.002 -20"><span class='ocrx_word' id='word_1_291' title='bbox 923 663 1055 727; x_wconf 86' lang='lat' dir='ltr'>dare,</span> <span class='ocrx_word' id='word_1_292' title='bbox 1978 666 2208 734; x_wconf 85' lang='lat' dir='ltr'>[credidi.</span> 
     </span>
    </p>
   </div>
   <div class='ocr_carea' id='block_1_6' title="bbox 754 734 2207 3239">
    <p class='ocr_par' dir='ltr' id='par_1_7' title="bbox 754 734 2207 3239">
     <span class='ocr_line' id='line_1_66' title="bbox 776 734 2207 804; baseline 0.001 -16"><span class='ocrx_word' id='word_1_293' title='bbox 776 735 898 788; x_wconf 89' lang='lat' dir='ltr'>Abii</span> <span class='ocrx_word' id='word_1_294' title='bbox 922 735 987 786; x_wconf 91' lang='lat' dir='ltr'>ad</span> <span class='ocrx_word' id='word_1_295' title='bbox 1020 753 1290 804; x_wconf 80' lang='lat' dir='ltr'>proxumos</span> <span class='ocrx_word' id='word_1_296' title='bbox 1325 734 1418 786; x_wconf 88' lang='lat' dir='ltr'>tibi</span> <span class='ocrx_word' id='word_1_297' title='bbox 1443 735 1529 804; x_wconf 91' lang='lat' dir='ltr'>qui</span> <span class='ocrx_word' id='word_1_298' title='bbox 1554 744 1726 798; x_wconf 80' lang='lat' dir='ltr'>erant3</span> <span class='ocrx_word' id='word_1_299' title='bbox 1763 734 1835 788; x_wconf 87' lang='lat' dir='ltr'>eis</span> <span class='ocrx_word' id='word_1_300' title='bbox 1869 737 2118 801; x_wconf 81' lang='lat' dir='ltr'>commisi,</span> <span class='ocrx_word' id='word_1_301' title='bbox 2155 748 2207 790; x_wconf 90' lang='lat' dir='ltr'>et</span> 
     </span>
     <span class='ocr_line' id='line_1_67' title="bbox 778 806 2205 879; baseline 0.001 -21"><span class='ocrx_word' id='word_1_302' title='bbox 778 807 857 859; x_wconf 91' lang='lat' dir='ltr'>lbi</span> <span class='ocrx_word' id='word_1_303' title='bbox 881 817 983 858; x_wconf 89' lang='lat' dir='ltr'>tuae</span> <span class='ocrx_word' id='word_1_304' title='bbox 1006 806 1233 857; x_wconf 82' lang='lat' dir='ltr'>stultitiae</span> <span class='ocrx_word' id='word_1_305' title='bbox 1267 824 1464 875; x_wconf 86' lang='lat' dir='ltr'>semper</span> <span class='ocrx_word' id='word_1_306' title='bbox 1487 806 1582 857; x_wconf 86' lang='lat' dir='ltr'>erit</span> <span class='ocrx_word' id='word_1_307' title='bbox 1601 806 1911 875; x_wconf 71' lang='lat' dir='ltr'>praesidium,</span> <span class='ocrx_word' id='word_1_308' title='bbox 1947 807 2205 879; x_wconf 75' lang='lat' dir='ltr'>Clitip1103</span> 
     </span>
     <span class='ocr_line' id='line_1_68' title="bbox 777 877 2206 949; baseline 0 -18"><span class='ocrx_word' id='word_1_309' title='bbox 777 879 971 942; x_wconf 79' lang='lat' dir='ltr'>VictuS,</span> <span class='ocrx_word' id='word_1_310' title='bbox 1009 877 1232 942; x_wconf 81' lang='lat' dir='ltr'>vestituS,</span> <span class='ocrx_word' id='word_1_311' title='bbox 1265 880 1365 947; x_wconf 76' lang='lat' dir='ltr'>quo</span> <span class='ocrx_word' id='word_1_312' title='bbox 1402 878 1456 928; x_wconf 88' lang='lat' dir='ltr'>in</span> <span class='ocrx_word' id='word_1_313' title='bbox 1490 886 1684 930; x_wconf 89' lang='lat' dir='ltr'>tectum</span> <span class='ocrx_word' id='word_1_314' title='bbox 1719 890 1770 928; x_wconf 90' lang='lat' dir='ltr'>te</span> <span class='ocrx_word' id='word_1_315' title='bbox 1807 889 2046 949; x_wconf 76' lang='lat' dir='ltr'>receptes,</span> <span class='ocrx_word' id='word_1_316' title='bbox 2123 878 2206 932; x_wconf 81' lang='lat' dir='ltr'>CI.</span> 
     </span>
     <span class='ocr_line' id='line_1_69' title="bbox 846 949 2204 1008; baseline 0.002 -8"><span class='ocrx_word' id='word_1_317' title='bbox 846 994 865 1008; x_wconf 62' lang='grc'>,</span> <span class='ocrx_word' id='word_1_318' title='bbox 919 949 1004 1001; x_wconf 90' lang='lat' dir='ltr'>hei</span> <span class='ocrx_word' id='word_1_319' title='bbox 1029 949 1183 1001; x_wconf 88' lang='lat' dir='ltr'>mihi!</span> <span class='ocrx_word' id='word_1_320' title='bbox 2142 957 2204 1003; x_wconf 90' lang='lat'>15</span> 
     </span>
     <span class='ocr_line' id='line_1_70' title="bbox 783 1020 2205 1092; baseline 0.001 -19"><span class='ocrx_word' id='word_1_321' title='bbox 783 1020 877 1078; x_wconf 80' lang='lat' dir='ltr'>Ch.</span> <span class='ocrx_word' id='word_1_322' title='bbox 905 1020 1070 1073; x_wconf 86' lang='lat' dir='ltr'>Satius</span> <span class='ocrx_word' id='word_1_323' title='bbox 1086 1031 1175 1085; x_wconf 84' lang='lat' dir='ltr'>est,</span> <span class='ocrx_word' id='word_1_324' title='bbox 1194 1022 1364 1090; x_wconf 74' lang='lat' dir='ltr'>quam,</span> <span class='ocrx_word' id='word_1_325' title='bbox 1383 1029 1434 1091; x_wconf 84' lang='lat' dir='ltr'>te</span> <span class='ocrx_word' id='word_1_326' title='bbox 1459 1020 1568 1090; x_wconf 89' lang='lat' dir='ltr'>ipso</span> <span class='ocrx_word' id='word_1_327' title='bbox 1587 1020 1804 1086; x_wconf 85' lang='lat' dir='ltr'>haerede,</span> <span class='ocrx_word' id='word_1_328' title='bbox 1823 1021 1941 1073; x_wconf 62' lang='lat' dir='ltr'>haec*</span> <span class='ocrx_word' id='word_1_329' title='bbox 1954 1021 2205 1092; x_wconf 81' lang='lat' dir='ltr'>possidere</span> 
     </span>
     <span class='ocr_line' id='line_1_71' title="bbox 918 1091 2203 1162; baseline 0.002 -18"><span class='ocrx_word' id='word_1_330' title='bbox 918 1091 1244 1144; x_wconf 85' lang='lat' dir='ltr'>Bacchidem.</span> <span class='ocrx_word' id='word_1_331' title='bbox 1425 1092 1427 1097; x_wconf 84' lang='grc'><strong>’</strong></span> <span class='ocrx_word' id='word_1_332' title='bbox 1946 1139 1952 1144; x_wconf 92' lang='grc'><em>.</em></span> <span class='ocrx_word' id='word_1_333' title='bbox 1985 1092 2203 1162; x_wconf 85' lang='lat' dir='ltr'>[sciens?</span> 
     </span>
     <span class='ocr_line' id='line_1_72' title="bbox 780 1163 2202 1234; baseline 0 -18"><span class='ocrx_word' id='word_1_334' title='bbox 780 1165 867 1232; x_wconf 83' lang='lat' dir='ltr'>Sy.</span> <span class='ocrx_word' id='word_1_335' title='bbox 889 1163 1148 1234; x_wconf 83' lang='lat' dir='ltr'>Disperii:</span> <span class='ocrx_word' id='word_1_336' title='bbox 1185 1165 1420 1215; x_wconf 86' lang='lat' dir='ltr'>scelestus</span> <span class='ocrx_word' id='word_1_337' title='bbox 1456 1174 1667 1232; x_wconf 86' lang='lat' dir='ltr'>quantas</span> <span class='ocrx_word' id='word_1_338' title='bbox 1691 1165 1859 1216; x_wconf 82' lang='lat' dir='ltr'>turbas</span> <span class='ocrx_word' id='word_1_339' title='bbox 1884 1164 2083 1220; x_wconf 87' lang='lat' dir='ltr'>concivi</span> <span class='ocrx_word' id='word_1_340' title='bbox 2117 1165 2202 1217; x_wconf 90' lang='lat' dir='ltr'>in-</span> 
     </span>
     <span class='ocr_line' id='line_1_73' title="bbox 782 1233 2204 1319; baseline 0.001 -30"><span class='ocrx_word' id='word_1_341' title='bbox 782 1237 857 1290; x_wconf 83' lang='lat' dir='ltr'>Cl.</span> <span class='ocrx_word' id='word_1_342' title='bbox 891 1234 1071 1319; x_wconf 76' lang='lat' dir='ltr'>Emori</span> <span class='ocrx_word' id='word_1_343' title='bbox 1097 1235 1262 1306; x_wconf 78' lang='lat' dir='ltr'>cupio,</span> <span class='ocrx_word' id='word_1_344' title='bbox 1342 1233 1437 1287; x_wconf 84' lang='lat' dir='ltr'>Ch.</span> <span class='ocrx_word' id='word_1_345' title='bbox 1478 1235 1631 1305; x_wconf 73' lang='lat' dir='ltr'>priuS,</span> <span class='ocrx_word' id='word_1_346' title='bbox 1670 1254 1859 1305; x_wconf 88' lang='lat' dir='ltr'>quaeso,</span> <span class='ocrx_word' id='word_1_347' title='bbox 1891 1236 2044 1303; x_wconf 89' lang='lat' dir='ltr'>disce,</span> <span class='ocrx_word' id='word_1_348' title='bbox 2077 1237 2204 1308; x_wconf 87' lang='lat' dir='ltr'>quid</span> 
     </span>
     <span class='ocr_line' id='line_1_74' title="bbox 918 1319 1188 1359; baseline 0.004 -1"><span class='ocrx_word' id='word_1_349' title='bbox 918 1319 983 1359; x_wconf 77' lang='lat' dir='ltr'>sit</span> <span class='ocrx_word' id='word_1_350' title='bbox 1005 1325 1188 1359; x_wconf 76' lang='lat' dir='ltr'>vivere.</span> 
     </span>
     <span class='ocr_line' id='line_1_75' title="bbox 774 1378 2020 1448; baseline 0 -18"><span class='ocrx_word' id='word_1_351' title='bbox 774 1378 878 1430; x_wconf 90' lang='lat' dir='ltr'>Ubi</span> <span class='ocrx_word' id='word_1_352' title='bbox 899 1378 1040 1443; x_wconf 86' lang='lat' dir='ltr'>scies,</span> <span class='ocrx_word' id='word_1_353' title='bbox 1063 1378 1104 1430; x_wconf 89' lang='lat' dir='ltr'>si</span> <span class='ocrx_word' id='word_1_354' title='bbox 1129 1378 1414 1448; x_wconf 82' lang='lat' dir='ltr'>displicebit</span> <span class='ocrx_word' id='word_1_355' title='bbox 1433 1378 1548 1441; x_wconf 89' lang='lat' dir='ltr'>vita,</span> <span class='ocrx_word' id='word_1_356' title='bbox 1570 1386 1681 1433; x_wconf 87' lang='lat' dir='ltr'>tum</span> <span class='ocrx_word' id='word_1_357' title='bbox 1707 1379 1832 1432; x_wconf 74' lang='lat' dir='ltr'>istoc</span> <span class='ocrx_word' id='word_1_358' title='bbox 1848 1380 2020 1434; x_wconf 83' lang='lat' dir='ltr'>utitor.</span> 
     </span>
     <span class='ocr_line' id='line_1_76' title="bbox 776 1447 2198 1520; baseline 0.001 -16"><span class='ocrx_word' id='word_1_359' title='bbox 776 1451 864 1520; x_wconf 77' lang='lat' dir='ltr'>Sy.</span> <span class='ocrx_word' id='word_1_360' title='bbox 903 1450 1060 1514; x_wconf 88' lang='lat' dir='ltr'>Here,</span> <span class='ocrx_word' id='word_1_361' title='bbox 1078 1450 1307 1503; x_wconf 80' lang='lat' dir='ltr'>licetne?</span> <span class='ocrx_word' id='word_1_362' title='bbox 1351 1447 1440 1502; x_wconf 80' lang='lat' dir='ltr'>Ch.</span> <span class='ocrx_word' id='word_1_363' title='bbox 1469 1452 1689 1519; x_wconf 90' lang='lat' dir='ltr'>loquere.</span> <span class='ocrx_word' id='word_1_364' title='bbox 1723 1451 1811 1518; x_wconf 76' lang='lat' dir='ltr'>Sy.</span> <span class='ocrx_word' id='word_1_365' title='bbox 1835 1460 1888 1503; x_wconf 88' lang='lat' dir='ltr'>at</span> <span class='ocrx_word' id='word_1_366' title='bbox 1910 1452 2058 1503; x_wconf 74' lang='lat' dir='ltr'>tuto?</span> <span class='ocrx_word' id='word_1_367' title='bbox 2102 1449 2198 1506; x_wconf 77' lang='lat' dir='ltr'>Clz.</span> 
     </span>
     <span class='ocr_line' id='line_1_77' title="bbox 916 1522 2199 1592; baseline 0.002 -20"><span class='ocrx_word' id='word_1_368' title='bbox 916 1524 1136 1592; x_wconf 80' lang='lat' dir='ltr'>loquere.</span> <span class='ocrx_word' id='word_1_369' title='bbox 1174 1522 1263 1591; x_wconf 75' lang='lat' dir='ltr'>Sy.</span> <span class='ocrx_word' id='word_1_370' title='bbox 1289 1539 1402 1590; x_wconf 86' lang='lat' dir='ltr'>quae</span> <span class='ocrx_word' id='word_1_371' title='bbox 1429 1522 1521 1573; x_wconf 86' lang='lat' dir='ltr'>ista</span> <span class='ocrx_word' id='word_1_372' title='bbox 1545 1531 1618 1573; x_wconf 90' lang='lat' dir='ltr'>est</span> <span class='ocrx_word' id='word_1_373' title='bbox 1641 1522 1870 1591; x_wconf 85' lang='lat' dir='ltr'>pravitas,</span> <span class='ocrx_word' id='word_1_374' title='bbox 2126 1528 2199 1575; x_wconf 83' lang='lat'>20</span> 
     </span>
     <span class='ocr_line' id='line_1_78' title="bbox 772 1593 2200 1664; baseline 0.001 -18"><span class='ocrx_word' id='word_1_375' title='bbox 772 1594 966 1651; x_wconf 79' lang='lat' dir='ltr'>Quaeve</span> <span class='ocrx_word' id='word_1_376' title='bbox 1001 1593 1225 1645; x_wconf 89' lang='lat' dir='ltr'>amentia</span> <span class='ocrx_word' id='word_1_377' title='bbox 1259 1602 1350 1658; x_wconf 84' lang='lat' dir='ltr'>est,</span> <span class='ocrx_word' id='word_1_378' title='bbox 1387 1593 1521 1663; x_wconf 90' lang='lat' dir='ltr'>quod</span> <span class='ocrx_word' id='word_1_379' title='bbox 1554 1594 1762 1663; x_wconf 88' lang='lat' dir='ltr'>peccavi</span> <span class='ocrx_word' id='word_1_380' title='bbox 1797 1612 1909 1664; x_wconf 81' lang='lat' dir='ltr'>ege,</span> <span class='ocrx_word' id='word_1_381' title='bbox 1945 1594 1999 1648; x_wconf 88' lang='lat' dir='ltr'>id</span> <span class='ocrx_word' id='word_1_382' title='bbox 2026 1595 2200 1648; x_wconf 83' lang='lat' dir='ltr'>obesse</span> 
     </span>
     <span class='ocr_line' id='line_1_79' title="bbox 913 1665 1387 1721; baseline -0.002 -4"><span class='ocrx_word' id='word_1_383' title='bbox 913 1665 1036 1717; x_wconf 82' lang='lat' dir='ltr'>huic</span> <span class='ocrx_word' id='word_1_384' title='bbox 1056 1666 1074 1717; x_wconf 89' lang='lat'>?</span> <span class='ocrx_word' id='word_1_385' title='bbox 1118 1665 1208 1718; x_wconf 84' lang='lat' dir='ltr'>Ch.</span> <span class='ocrx_word' id='word_1_386' title='bbox 1233 1665 1387 1721; x_wconf 83' lang='lat' dir='ltr'>ilicet.</span> 
     </span>
     <span class='ocr_line' id='line_1_80' title="bbox 771 1730 2198 1807; baseline -0.001 -16"><span class='ocrx_word' id='word_1_387' title='bbox 771 1737 854 1791; x_wconf 89' lang='lat' dir='ltr'>Ne</span> <span class='ocrx_word' id='word_1_388' title='bbox 890 1746 943 1788; x_wconf 85' lang='lat' dir='ltr'>te</span> <span class='ocrx_word' id='word_1_389' title='bbox 984 1737 1238 1790; x_wconf 86' lang='lat' dir='ltr'>admisce:</span> <span class='ocrx_word' id='word_1_390' title='bbox 1276 1754 1428 1789; x_wconf 90' lang='lat' dir='ltr'>nemo</span> <span class='ocrx_word' id='word_1_391' title='bbox 1461 1745 1681 1804; x_wconf 86' lang='lat' dir='ltr'>accusat,</span> <span class='ocrx_word' id='word_1_392' title='bbox 1723 1730 1868 1807; x_wconf 83' lang='lat' dir='ltr'>Syre,¹</span> <span class='ocrx_word' id='word_1_393' title='bbox 1899 1745 1951 1789; x_wconf 90' lang='lat' dir='ltr'>te</span> <span class='ocrx_word' id='word_1_394' title='bbox 1968 1756 1986 1804; x_wconf 91' lang='lat'>;</span> <span class='ocrx_word' id='word_1_395' title='bbox 2022 1753 2119 1790; x_wconf 89' lang='lat' dir='ltr'>nec</span> <span class='ocrx_word' id='word_1_396' title='bbox 2142 1745 2198 1789; x_wconf 91' lang='lat' dir='ltr'>tu</span> 
     </span>
     <span class='ocr_line' id='line_1_81' title="bbox 912 1808 1726 1873; baseline -0.002 -13"><span class='ocrx_word' id='word_1_397' title='bbox 912 1826 1050 1860; x_wconf 88' lang='lat' dir='ltr'>aram</span> <span class='ocrx_word' id='word_1_398' title='bbox 1074 1809 1186 1873; x_wconf 87' lang='lat' dir='ltr'>tibi,</span> <span class='ocrx_word' id='word_1_399' title='bbox 1426 1808 1429 1813; x_wconf 84' lang='grc'><em>’</em></span> <span class='ocrx_word' id='word_1_400' title='bbox 1604 1855 1608 1858; x_wconf 87' lang='grc'><strong>,</strong></span> <span class='ocrx_word' id='word_1_401' title='bbox 1724 1865 1726 1867; x_wconf 50' lang='grc'><strong>,</strong></span> 
     </span>
     <span class='ocr_line' id='line_1_82' title="bbox 771 1876 2200 1951; baseline -0.001 -18"><span class='ocrx_word' id='word_1_402' title='bbox 771 1880 955 1950; x_wconf 88' lang='lat' dir='ltr'>Neque</span> <span class='ocrx_word' id='word_1_403' title='bbox 994 1890 1306 1949; x_wconf 86' lang='lat' dir='ltr'>precatorem</span> <span class='ocrx_word' id='word_1_404' title='bbox 1328 1881 1528 1949; x_wconf 65' lang='lat' dir='ltr'>pararis</span> <span class='ocrx_word' id='word_1_405' title='bbox 1569 1880 1660 1950; x_wconf 78' lang='lat' dir='ltr'>Sy.</span> <span class='ocrx_word' id='word_1_406' title='bbox 1685 1879 1807 1951; x_wconf 91' lang='lat' dir='ltr'>quid</span> <span class='ocrx_word' id='word_1_407' title='bbox 1825 1879 1965 1948; x_wconf 85' lang='lat' dir='ltr'>agis?</span> <span class='ocrx_word' id='word_1_408' title='bbox 2010 1879 2101 1934; x_wconf 78' lang='lat' dir='ltr'>Ch.</span> <span class='ocrx_word' id='word_1_409' title='bbox 2124 1876 2200 1932; x_wconf 87' lang='lat' dir='ltr'>nil</span> 
     </span>
     <span class='ocr_line' id='line_1_83' title="bbox 915 1969 1203 2017; baseline 0.003 -15"><span class='ocrx_word' id='word_1_410' title='bbox 915 1969 1203 2017; x_wconf 88' lang='lat' dir='ltr'>succense0‚</span> 
     </span>
     <span class='ocr_line' id='line_1_84' title="bbox 770 2020 2198 2146; baseline -0.001 -71"><span class='ocrx_word' id='word_1_411' title='bbox 770 2023 883 2076; x_wconf 91' lang='lat' dir='ltr'>Nec</span> <span class='ocrx_word' id='word_1_412' title='bbox 908 2023 1017 2106; x_wconf 79' lang='lat' dir='ltr'>tibi,</span> <span class='ocrx_word' id='word_1_413' title='bbox 1055 2023 1327 2146; x_wconf 45' lang='lat' dir='ltr'>n&#39;pli‘hUiQ</span> <span class='ocrx_word' id='word_1_414' title='bbox 1364 2040 1460 2075; x_wconf 90' lang='lat' dir='ltr'>nec</span> <span class='ocrx_word' id='word_1_415' title='bbox 1491 2040 1576 2075; x_wconf 88' lang='lat' dir='ltr'>vos</span> <span class='ocrx_word' id='word_1_416' title='bbox 1611 2031 1687 2075; x_wconf 89' lang='lat' dir='ltr'>est</span> <span class='ocrx_word' id='word_1_417' title='bbox 1717 2040 1941 2094; x_wconf 83' lang='lat' dir='ltr'>aequum,</span> <span class='ocrx_word' id='word_1_418' title='bbox 1965 2020 2100 2092; x_wconf 86' lang='lat' dir='ltr'>quod</span> <span class='ocrx_word' id='word_1_419' title='bbox 2123 2020 2198 2073; x_wconf 87' lang='lat' dir='ltr'>fa-</span> 
     </span>
     <span class='ocr_line' id='line_1_85' title="bbox 915 2113 1184 2158; baseline 0.007 -12"><span class='ocrx_word' id='word_1_420' title='bbox 915 2113 1013 2158; x_wconf 78' lang='lat' dir='ltr'>clo,</span> <span class='ocrx_word' id='word_1_421' title='bbox 1038 2114 1107 2147; x_wconf 77' lang='lat' dir='ltr'>mi</span> <span class='ocrx_word' id='word_1_422' title='bbox 1149 2114 1184 2148; x_wconf 90' lang='lat'>1.</span> 
     </span>
     <span class='ocr_line' id='line_1_86' title="bbox 774 2164 2196 2237; baseline -0.003 -17"><span class='ocrx_word' id='word_1_423' title='bbox 774 2167 862 2237; x_wconf 81' lang='lat' dir='ltr'>Sy.</span> <span class='ocrx_word' id='word_1_424' title='bbox 898 2166 1069 2220; x_wconf 90' lang='lat' dir='ltr'>Abiit:</span> <span class='ocrx_word' id='word_1_425' title='bbox 1107 2166 1235 2219; x_wconf 88' lang='lat' dir='ltr'>vah!</span> <span class='ocrx_word' id='word_1_426' title='bbox 1276 2169 1471 2236; x_wconf 67' lang='lat' dir='ltr'>rogasse</span> <span class='ocrx_word' id='word_1_427' title='bbox 1493 2168 1698 2220; x_wconf 83' lang='lat' dir='ltr'>vellem.</span> <span class='ocrx_word' id='word_1_428' title='bbox 1777 2166 1855 2219; x_wconf 88' lang='lat' dir='ltr'>Cl.</span> <span class='ocrx_word' id='word_1_429' title='bbox 1881 2165 2020 2236; x_wconf 86' lang='lat' dir='ltr'>quid,</span> <span class='ocrx_word' id='word_1_430' title='bbox 2036 2164 2196 2235; x_wconf 87' lang='lat' dir='ltr'>Syre?</span> 
     </span>
     <span class='ocr_line' id='line_1_87' title="bbox 908 2237 2195 2308; baseline -0.002 -18"><span class='ocrx_word' id='word_1_431' title='bbox 908 2237 1000 2308; x_wconf 76' lang='lat' dir='ltr'>Sy.</span> <span class='ocrx_word' id='word_1_432' title='bbox 1035 2238 1172 2290; x_wconf 90' lang='lat' dir='ltr'>unde</span> <span class='ocrx_word' id='word_1_433' title='bbox 1200 2238 1328 2290; x_wconf 91' lang='lat' dir='ltr'>mihi</span> <span class='ocrx_word' id='word_1_434' title='bbox 1351 2247 1572 2308; x_wconf 87' lang='lat' dir='ltr'>peterem</span> <span class='ocrx_word' id='word_1_435' title='bbox 1599 2238 1805 2290; x_wconf 82' lang='lat' dir='ltr'>cibum:</span> <span class='ocrx_word' id='word_1_436' title='bbox 2122 2241 2195 2288; x_wconf 76' lang='lat'>25</span> 
     </span>
     <span class='ocr_line' id='line_1_88' title="bbox 769 2307 2198 2379; baseline -0.002 -16"><span class='ocrx_word' id='word_1_437' title='bbox 769 2311 850 2363; x_wconf 90' lang='lat' dir='ltr'>Ita</span> <span class='ocrx_word' id='word_1_438' title='bbox 872 2327 962 2362; x_wconf 90' lang='lat' dir='ltr'>nos</span> <span class='ocrx_word' id='word_1_439' title='bbox 986 2309 1235 2365; x_wconf 89' lang='lat' dir='ltr'>alienavit.</span> <span class='ocrx_word' id='word_1_440' title='bbox 1254 2309 1349 2362; x_wconf 87' lang='lat' dir='ltr'>tibi</span> <span class='ocrx_word' id='word_1_441' title='bbox 1365 2309 1474 2379; x_wconf 87' lang='lat' dir='ltr'>jam</span> <span class='ocrx_word' id='word_1_442' title='bbox 1495 2326 1599 2361; x_wconf 91' lang='lat' dir='ltr'>esse</span> <span class='ocrx_word' id='word_1_443' title='bbox 1623 2309 1687 2361; x_wconf 88' lang='lat' dir='ltr'>ad</span> <span class='ocrx_word' id='word_1_444' title='bbox 1705 2326 1925 2362; x_wconf 89' lang='lat' dir='ltr'>sororem</span> <span class='ocrx_word' id='word_1_445' title='bbox 1950 2307 2198 2377; x_wconf 80' lang='lat' dir='ltr'>intelligo,</span> 
     </span>
     <span class='ocr_line' id='line_1_89' title="bbox 775 2379 2197 2451; baseline -0.002 -17"><span class='ocrx_word' id='word_1_446' title='bbox 775 2382 854 2437; x_wconf 73' lang='lat' dir='ltr'>Cl.</span> <span class='ocrx_word' id='word_1_447' title='bbox 878 2382 1073 2434; x_wconf 86' lang='lat' dir='ltr'>Adeon&#39;</span> <span class='ocrx_word' id='word_1_448' title='bbox 1099 2399 1206 2433; x_wconf 90' lang='lat' dir='ltr'>rem</span> <span class='ocrx_word' id='word_1_449' title='bbox 1231 2381 1451 2447; x_wconf 85' lang='lat' dir='ltr'>rediisse,</span> <span class='ocrx_word' id='word_1_450' title='bbox 1486 2389 1543 2432; x_wconf 88' lang='lat' dir='ltr'>ut</span> <span class='ocrx_word' id='word_1_451' title='bbox 1565 2380 1850 2451; x_wconf 88' lang='lat' dir='ltr'>periculum</span> <span class='ocrx_word' id='word_1_452' title='bbox 1875 2379 2032 2437; x_wconf 84' lang='lat' dir='ltr'>etiam&#39;</span> <span class='ocrx_word' id='word_1_453' title='bbox 2061 2379 2197 2432; x_wconf 87' lang='lat' dir='ltr'>fame</span> 
     </span>
     <span class='ocr_line' id='line_1_90' title="bbox 912 2452 1321 2523; baseline 0.002 -19"><span class='ocrx_word' id='word_1_454' title='bbox 912 2453 1042 2504; x_wconf 84' lang='lat' dir='ltr'>mihi</span> <span class='ocrx_word' id='word_1_455' title='bbox 1066 2452 1146 2517; x_wconf 89' lang='lat' dir='ltr'>sit,</span> <span class='ocrx_word' id='word_1_456' title='bbox 1172 2453 1321 2523; x_wconf 88' lang='lat' dir='ltr'>Syre?</span> 
     </span>
     <span class='ocr_line' id='line_1_91' title="bbox 771 2520 2194 2607; baseline -0.001 -29"><span class='ocrx_word' id='word_1_457' title='bbox 771 2525 860 2595; x_wconf 86' lang='lat' dir='ltr'>Sy.</span> <span class='ocrx_word' id='word_1_458' title='bbox 898 2524 1059 2577; x_wconf 73' lang='lat' dir='ltr'>Modo</span> <span class='ocrx_word' id='word_1_459' title='bbox 1083 2524 1236 2607; x_wconf 74' lang='lat' dir='ltr'>liceat</span> <span class='ocrx_word' id='word_1_460' title='bbox 1252 2522 1433 2589; x_wconf 86' lang='lat' dir='ltr'>vivere,</span> <span class='ocrx_word' id='word_1_461' title='bbox 1457 2541 1568 2595; x_wconf 89' lang='lat' dir='ltr'>spes</span> <span class='ocrx_word' id='word_1_462' title='bbox 1592 2533 1687 2577; x_wconf 89' lang='lat' dir='ltr'>est.</span> <span class='ocrx_word' id='word_1_463' title='bbox 1765 2523 1842 2576; x_wconf 83' lang='lat' dir='ltr'>Cl.</span> <span class='ocrx_word' id='word_1_464' title='bbox 1879 2523 2032 2595; x_wconf 84' lang='lat' dir='ltr'>quae?</span> <span class='ocrx_word' id='word_1_465' title='bbox 2106 2520 2194 2592; x_wconf 85' lang='lat' dir='ltr'>Sy.</span> 
     </span>
     <span class='ocr_line' id='line_1_92' title="bbox 913 2597 1450 2649; baseline 0 0"><span class='ocrx_word' id='word_1_466' title='bbox 913 2614 1004 2649; x_wconf 90' lang='lat' dir='ltr'>nos</span> <span class='ocrx_word' id='word_1_467' title='bbox 1029 2606 1295 2649; x_wconf 79' lang='lat' dir='ltr'>esurituros</span> <span class='ocrx_word' id='word_1_468' title='bbox 1317 2597 1450 2649; x_wconf 76' lang='lat' dir='ltr'>satis·</span> 
     </span>
     <span class='ocr_line' id='line_1_93' title="bbox 775 2665 2193 2740; baseline -0.005 -17"><span class='ocrx_word' id='word_1_469' title='bbox 775 2669 852 2723; x_wconf 83' lang='lat' dir='ltr'>Cl.</span> <span class='ocrx_word' id='word_1_470' title='bbox 887 2667 1067 2720; x_wconf 86' lang='lat' dir='ltr'>Irrides</span> <span class='ocrx_word' id='word_1_471' title='bbox 1092 2667 1147 2720; x_wconf 89' lang='lat' dir='ltr'>in</span> <span class='ocrx_word' id='word_1_472' title='bbox 1171 2686 1223 2720; x_wconf 90' lang='lat' dir='ltr'>re</span> <span class='ocrx_word' id='word_1_473' title='bbox 1247 2671 1402 2734; x_wconf 74' lang='lat' dir='ltr'>tanta,</span> <span class='ocrx_word' id='word_1_474' title='bbox 1427 2686 1592 2739; x_wconf 90' lang='lat' dir='ltr'>neque</span> <span class='ocrx_word' id='word_1_475' title='bbox 1617 2686 1702 2721; x_wconf 89' lang='lat' dir='ltr'>me</span> <span class='ocrx_word' id='word_1_476' title='bbox 1725 2667 2003 2740; x_wconf 88' lang='lat' dir='ltr'>quidquam</span> <span class='ocrx_word' id='word_1_477' title='bbox 2027 2665 2193 2718; x_wconf 89' lang='lat' dir='ltr'>consi-</span> 
     </span>
     <span class='ocr_line' id='line_1_94' title="bbox 909 2735 1237 2809; baseline 0 -17"><span class='ocrx_word' id='word_1_478' title='bbox 909 2735 980 2792; x_wconf 87' lang='lat' dir='ltr'>lio</span> <span class='ocrx_word' id='word_1_479' title='bbox 1002 2738 1237 2809; x_wconf 84' lang='lat' dir='ltr'>adjuvas?</span> 
     </span>
     <span class='ocr_line' id='line_1_95' title="bbox 769 2807 2195 2883; baseline -0.004 -18"><span class='ocrx_word' id='word_1_480' title='bbox 769 2810 856 2883; x_wconf 73' lang='lat' dir='ltr'>Sy.</span> <span class='ocrx_word' id='word_1_481' title='bbox 894 2810 1008 2864; x_wconf 67' lang='lat' dir='ltr'>Imb</span> <span class='ocrx_word' id='word_1_482' title='bbox 1033 2821 1084 2863; x_wconf 91' lang='lat' dir='ltr'>et</span> <span class='ocrx_word' id='word_1_483' title='bbox 1121 2811 1191 2863; x_wconf 90' lang='lat' dir='ltr'>ibi</span> <span class='ocrx_word' id='word_1_484' title='bbox 1229 2829 1367 2864; x_wconf 88' lang='lat' dir='ltr'>nunc</span> <span class='ocrx_word' id='word_1_485' title='bbox 1390 2830 1520 2876; x_wconf 91' lang='lat' dir='ltr'>sum,</span> <span class='ocrx_word' id='word_1_486' title='bbox 1545 2820 1597 2864; x_wconf 88' lang='lat' dir='ltr'>et</span> <span class='ocrx_word' id='word_1_487' title='bbox 1621 2828 1779 2882; x_wconf 85' lang='lat' dir='ltr'>usque</span> <span class='ocrx_word' id='word_1_488' title='bbox 1803 2809 1998 2862; x_wconf 86' lang='lat' dir='ltr'>dudum</span> <span class='ocrx_word' id='word_1_489' title='bbox 2018 2807 2071 2862; x_wconf 90' lang='lat' dir='ltr'>id</span> <span class='ocrx_word' id='word_1_490' title='bbox 2094 2807 2195 2876; x_wconf 84' lang='lat' dir='ltr'>egi,</span> 
     </span>
     <span class='ocr_line' id='line_1_96' title="bbox 912 2882 2198 2953; baseline -0.003 -18"><span class='ocrx_word' id='word_1_491' title='bbox 912 2884 1036 2935; x_wconf 89' lang='lat' dir='ltr'>dum</span> <span class='ocrx_word' id='word_1_492' title='bbox 1061 2882 1284 2953; x_wconf 90' lang='lat' dir='ltr'>loquitur</span> <span class='ocrx_word' id='word_1_493' title='bbox 1307 2892 1476 2952; x_wconf 88' lang='lat' dir='ltr'>pater:</span> <span class='ocrx_word' id='word_1_494' title='bbox 2123 2886 2198 2932; x_wconf 84' lang='lat'>30</span> 
     </span>
     <span class='ocr_line' id='line_1_97' title="bbox 768 2950 2192 3025; baseline -0.004 -18"><span class='ocrx_word' id='word_1_495' title='bbox 768 2954 856 3020; x_wconf 87' lang='lat' dir='ltr'>Et,</span> <span class='ocrx_word' id='word_1_496' title='bbox 880 2956 1127 3024; x_wconf 73' lang='lat' dir='ltr'>quantum</span> <span class='ocrx_word' id='word_1_497' title='bbox 1168 2971 1264 3024; x_wconf 85' lang='lat' dir='ltr'>ego</span> <span class='ocrx_word' id='word_1_498' title='bbox 1304 2954 1587 3023; x_wconf 83' lang='lat' dir='ltr'>intelligere</span> <span class='ocrx_word' id='word_1_499' title='bbox 1623 2963 1839 3025; x_wconf 79' lang='lat' dir='ltr'>possum.</span> <span class='ocrx_word' id='word_1_500' title='bbox 1918 2950 1999 3007; x_wconf 87' lang='lat' dir='ltr'>Cl.</span> <span class='ocrx_word' id='word_1_501' title='bbox 2035 2950 2192 3022; x_wconf 90' lang='lat' dir='ltr'>quid?</span> 
     </span>
     <span class='ocr_line' id='line_1_98' title="bbox 912 3026 1551 3096; baseline 0.002 -17"><span class='ocrx_word' id='word_1_502' title='bbox 912 3027 998 3096; x_wconf 85' lang='lat' dir='ltr'>Sy.</span> <span class='ocrx_word' id='word_1_503' title='bbox 1034 3044 1138 3078; x_wconf 90' lang='lat' dir='ltr'>non</span> <span class='ocrx_word' id='word_1_504' title='bbox 1160 3026 1320 3078; x_wconf 85' lang='lat' dir='ltr'>aberit</span> <span class='ocrx_word' id='word_1_505' title='bbox 1338 3027 1551 3096; x_wconf 77' lang='lat' dir='ltr'>longiuS.</span> 
     </span>
     <span class='ocr_line' id='line_1_99' title="bbox 754 3094 2196 3167; baseline -0.003 -16"><span class='ocrx_word' id='word_1_506' title='bbox 754 3095 850 3151; x_wconf 81' lang='lat' dir='ltr'>CI.</span> <span class='ocrx_word' id='word_1_507' title='bbox 888 3097 1027 3154; x_wconf 84' lang='lat' dir='ltr'>Quid</span> <span class='ocrx_word' id='word_1_508' title='bbox 1052 3106 1126 3149; x_wconf 86' lang='lat' dir='ltr'>est</span> <span class='ocrx_word' id='word_1_509' title='bbox 1142 3097 1291 3167; x_wconf 86' lang='lat' dir='ltr'>ergo?</span> <span class='ocrx_word' id='word_1_510' title='bbox 1365 3096 1451 3166; x_wconf 78' lang='lat' dir='ltr'>Sy.</span> <span class='ocrx_word' id='word_1_511' title='bbox 1474 3099 1546 3150; x_wconf 89' lang='lat' dir='ltr'>sic</span> <span class='ocrx_word' id='word_1_512' title='bbox 1569 3106 1661 3162; x_wconf 85' lang='lat' dir='ltr'>est,</span> <span class='ocrx_word' id='word_1_513' title='bbox 1685 3114 1786 3149; x_wconf 90' lang='lat' dir='ltr'>non</span> <span class='ocrx_word' id='word_1_514' title='bbox 1808 3113 1911 3148; x_wconf 87' lang='lat' dir='ltr'>esse</span> <span class='ocrx_word' id='word_1_515' title='bbox 1935 3094 2119 3158; x_wconf 85' lang='lat' dir='ltr'>horum</span> <span class='ocrx_word' id='word_1_516' title='bbox 2144 3103 2196 3146; x_wconf 83' lang='lat' dir='ltr'>te</span> 
     </span>
     <span class='ocr_line' id='line_1_100' title="bbox 908 3167 1802 3239; baseline 0 -18"><span class='ocrx_word' id='word_1_517' title='bbox 908 3169 1133 3222; x_wconf 81' lang='lat' dir='ltr'>arbitror.</span> <span class='ocrx_word' id='word_1_518' title='bbox 1210 3167 1291 3224; x_wconf 81' lang='lat' dir='ltr'>Cl.</span> <span class='ocrx_word' id='word_1_519' title='bbox 1328 3169 1452 3239; x_wconf 87' lang='lat' dir='ltr'>quid</span> <span class='ocrx_word' id='word_1_520' title='bbox 1476 3169 1620 3234; x_wconf 89' lang='lat' dir='ltr'>istuc,</span> <span class='ocrx_word' id='word_1_521' title='bbox 1645 3168 1802 3238; x_wconf 83' lang='lat' dir='ltr'>Syre?</span> 
     </span>
    </p>
   </div>
   <div class='ocr_carea' id='block_1_7' title="bbox 132 3323 2241 3618">
    <p class='ocr_par' dir='ltr' id='par_1_8' title="bbox 132 3323 2241 3618">
     <span class='ocr_line' id='line_1_101' title="bbox 137 3323 2194 3395; baseline -0.004 -12"><span class='ocrx_word' id='word_1_522' title='bbox 137 3359 230 3390; x_wconf 87' lang='lat' dir='ltr'>rem,</span> <span class='ocrx_word' id='word_1_523' title='bbox 247 3358 358 3395; x_wconf 87' lang='lat' dir='ltr'>quam</span> <span class='ocrx_word' id='word_1_524' title='bbox 377 3341 562 3380; x_wconf 77' lang='lat' dir='ltr'>haeredem</span> <span class='ocrx_word' id='word_1_525' title='bbox 581 3340 650 3379; x_wconf 83' lang='lat' dir='ltr'>sibi</span> <span class='ocrx_word' id='word_1_526' title='bbox 676 3342 884 3380; x_wconf 84' lang='lat' dir='ltr'>constituit.</span> <span class='ocrx_word' id='word_1_527' title='bbox 940 3339 1000 3379; x_wconf 70' lang='grc' dir='ltr'><em>Οἱ.</em></span> <span class='ocrx_word' id='word_1_528' title='bbox 1028 3338 1183 3377; x_wconf 74' lang='lat' dir='ltr'>Adeone</span> <span class='ocrx_word' id='word_1_529' title='bbox 1201 3339 1238 3379; x_wconf 85' lang='lat' dir='ltr'>id</span> <span class='ocrx_word' id='word_1_530' title='bbox 1255 3352 1381 3379; x_wconf 81' lang='lat' dir='ltr'>verum</span> <span class='ocrx_word' id='word_1_531' title='bbox 1399 3346 1455 3377; x_wconf 80' lang='lat' dir='ltr'>est</span> <span class='ocrx_word' id='word_1_532' title='bbox 1470 3338 1654 3378; x_wconf 75' lang='lat' dir='ltr'>fortunam</span> <span class='ocrx_word' id='word_1_533' title='bbox 1682 3352 1803 3378; x_wconf 86' lang='lat' dir='ltr'>meam</span> <span class='ocrx_word' id='word_1_534' title='bbox 1833 3338 2018 3379; x_wconf 77' lang='lat' dir='ltr'>redactam</span> <span class='ocrx_word' id='word_1_535' title='bbox 2047 3349 2128 3376; x_wconf 84' lang='lat' dir='ltr'>esse</span> <span class='ocrx_word' id='word_1_536' title='bbox 2148 3323 2194 3375; x_wconf 80' lang='lat' dir='ltr'>in</span> 
     </span>
     <span class='ocr_line' id='line_1_102' title="bbox 135 3389 2241 3447; baseline -0.005 -12"><span class='ocrx_word' id='word_1_537' title='bbox 135 3412 222 3436; x_wconf 85' lang='lat' dir='ltr'>eum</span> <span class='ocrx_word' id='word_1_538' title='bbox 238 3407 388 3440; x_wconf 78' lang='lat' dir='ltr'>statum,</span> <span class='ocrx_word' id='word_1_539' title='bbox 403 3405 445 3433; x_wconf 88' lang='lat' dir='ltr'>ut</span> <span class='ocrx_word' id='word_1_540' title='bbox 465 3394 672 3447; x_wconf 83' lang='lat' dir='ltr'>periculum</span> <span class='ocrx_word' id='word_1_541' title='bbox 686 3394 836 3432; x_wconf 88' lang='lat' dir='ltr'>subeam</span> <span class='ocrx_word' id='word_1_542' title='bbox 855 3392 952 3430; x_wconf 84' lang='lat' dir='ltr'>fame</span> <span class='ocrx_word' id='word_1_543' title='bbox 965 3393 1171 3443; x_wconf 82' lang='lat' dir='ltr'>pereundi?</span> <span class='ocrx_word' id='word_1_544' title='bbox 1226 3391 1296 3444; x_wconf 83' lang='lat' dir='ltr'>Sy.</span> <span class='ocrx_word' id='word_1_545' title='bbox 1313 3390 1531 3431; x_wconf 87' lang='lat' dir='ltr'>Dummodo</span> <span class='ocrx_word' id='word_1_546' title='bbox 1546 3393 1776 3444; x_wconf 76' lang='lat' dir='ltr'>permittatur</span> <span class='ocrx_word' id='word_1_547' title='bbox 1795 3392 1899 3430; x_wconf 81' lang='lat' dir='ltr'>nobis</span> <span class='ocrx_word' id='word_1_548' title='bbox 1918 3391 1991 3430; x_wconf 86' lang='lat' dir='ltr'>frui</span> <span class='ocrx_word' id='word_1_549' title='bbox 2008 3389 2097 3438; x_wconf 54' lang='lat' dir='ltr'>vita,</span> <span class='ocrx_word' id='word_1_550' title='bbox 2109 3401 2193 3442; x_wconf 69' lang='lat' dir='ltr'>spes</span> <span class='ocrx_word' id='word_1_551' title='bbox 2236 3421 2241 3425; x_wconf 85' lang='lat'><strong><em>.</em></strong></span> 
     </span>
     <span class='ocr_line' id='line_1_103' title="bbox 135 3441 2192 3499; baseline -0.003 -13"><span class='ocrx_word' id='word_1_552' title='bbox 135 3459 203 3487; x_wconf 70' lang='lat' dir='ltr'>est.</span> <span class='ocrx_word' id='word_1_553' title='bbox 263 3450 324 3488; x_wconf 78' lang='lat' dir='ltr'>Gt.</span> <span class='ocrx_word' id='word_1_554' title='bbox 351 3447 537 3492; x_wconf 79' lang='lat' dir='ltr'>Quaenam</span> <span class='ocrx_word' id='word_1_555' title='bbox 557 3461 639 3499; x_wconf 76' lang='lat' dir='ltr'>spes</span> <span class='ocrx_word' id='word_1_556' title='bbox 654 3446 781 3485; x_wconf 80' lang='lat' dir='ltr'>relicta</span> <span class='ocrx_word' id='word_1_557' title='bbox 798 3447 880 3485; x_wconf 84' lang='lat' dir='ltr'>est?</span> <span class='ocrx_word' id='word_1_558' title='bbox 935 3445 1006 3498; x_wconf 81' lang='lat' dir='ltr'>Sy.</span> <span class='ocrx_word' id='word_1_559' title='bbox 1034 3442 1126 3496; x_wconf 85' lang='lat' dir='ltr'>Spes</span> <span class='ocrx_word' id='word_1_560' title='bbox 1145 3456 1200 3483; x_wconf 87' lang='lat' dir='ltr'>est</span> <span class='ocrx_word' id='word_1_561' title='bbox 1214 3442 1308 3492; x_wconf 82' lang='lat' dir='ltr'>fore,</span> <span class='ocrx_word' id='word_1_562' title='bbox 1325 3455 1369 3482; x_wconf 88' lang='lat' dir='ltr'>ut</span> <span class='ocrx_word' id='word_1_563' title='bbox 1381 3458 1456 3483; x_wconf 85' lang='lat' dir='ltr'>nou</span> <span class='ocrx_word' id='word_1_564' title='bbox 1476 3445 1708 3485; x_wconf 85' lang='lat' dir='ltr'>mediocriter</span> <span class='ocrx_word' id='word_1_565' title='bbox 1726 3446 1846 3484; x_wconf 83' lang='lat' dir='ltr'>esurie</span> <span class='ocrx_word' id='word_1_566' title='bbox 1865 3457 2083 3497; x_wconf 85' lang='lat' dir='ltr'>premamur.</span> <span class='ocrx_word' id='word_1_567' title='bbox 2130 3441 2192 3480; x_wconf 77' lang='lat' dir='ltr'>cl.</span> 
     </span>
     <span class='ocr_line' id='line_1_104' title="bbox 138 3495 2191 3550; baseline -0.004 -10"><span class='ocrx_word' id='word_1_568' title='bbox 138 3501 250 3540; x_wconf 83' lang='lat' dir='ltr'>Rides</span> <span class='ocrx_word' id='word_1_569' title='bbox 270 3504 306 3539; x_wconf 85' lang='lat' dir='ltr'>iu</span> <span class='ocrx_word' id='word_1_570' title='bbox 327 3516 365 3539; x_wconf 85' lang='lat' dir='ltr'>re</span> <span class='ocrx_word' id='word_1_571' title='bbox 385 3512 458 3538; x_wconf 82' lang='lat' dir='ltr'>tam</span> <span class='ocrx_word' id='word_1_572' title='bbox 477 3501 570 3539; x_wconf 70' lang='lat' dir='ltr'>seria</span> <span class='ocrx_word' id='word_1_573' title='bbox 594 3509 633 3537; x_wconf 80' lang='lat' dir='ltr'>et</span> <span class='ocrx_word' id='word_1_574' title='bbox 651 3500 813 3545; x_wconf 73' lang='lat' dir='ltr'>miseria,</span> <span class='ocrx_word' id='word_1_575' title='bbox 832 3511 952 3548; x_wconf 86' lang='lat' dir='ltr'>neque</span> <span class='ocrx_word' id='word_1_576' title='bbox 971 3497 1242 3548; x_wconf 75' lang='lat' dir='ltr'>aliquantulum</span> <span class='ocrx_word' id='word_1_577' title='bbox 1264 3497 1422 3536; x_wconf 88' lang='lat' dir='ltr'>consilio</span> <span class='ocrx_word' id='word_1_578' title='bbox 1442 3497 1534 3537; x_wconf 84' lang='lat' dir='ltr'>mihi</span> <span class='ocrx_word' id='word_1_579' title='bbox 1556 3499 1763 3537; x_wconf 80' lang='lat' dir='ltr'>succurris?</span> <span class='ocrx_word' id='word_1_580' title='bbox 1817 3497 1891 3550; x_wconf 75' lang='lat' dir='ltr'>Sy.</span> <span class='ocrx_word' id='word_1_581' title='bbox 1916 3495 2015 3543; x_wconf 62' lang='lat' dir='ltr'>Ima,</span> <span class='ocrx_word' id='word_1_582' title='bbox 2034 3504 2074 3536; x_wconf 79' lang='lat' dir='ltr'>et</span> <span class='ocrx_word' id='word_1_583' title='bbox 2090 3506 2191 3534; x_wconf 81' lang='lat' dir='ltr'>nunc</span> 
     </span>
     <span class='ocr_line' id='line_1_105' title="bbox 132 3549 2229 3618; baseline -0.005 -25"><span class='ocrx_word' id='word_1_584' title='bbox 132 3555 270 3618; x_wconf 66' lang='lat' dir='ltr'>praesto</span> <span class='ocrx_word' id='word_1_585' title='bbox 286 3569 367 3592; x_wconf 87' lang='lat' dir='ltr'>sum</span> <span class='ocrx_word' id='word_1_586' title='bbox 387 3555 454 3591; x_wconf 84' lang='lat' dir='ltr'>tibi</span> <span class='ocrx_word' id='word_1_587' title='bbox 471 3554 627 3602; x_wconf 86' lang='lat' dir='ltr'>adjutor,</span> <span class='ocrx_word' id='word_1_588' title='bbox 645 3562 682 3590; x_wconf 91' lang='lat' dir='ltr'>et</span> <span class='ocrx_word' id='word_1_589' title='bbox 702 3565 849 3605; x_wconf 81' lang='lat' dir='ltr'>semper</span> <span class='ocrx_word' id='word_1_590' title='bbox 865 3550 984 3590; x_wconf 84' lang='lat' dir='ltr'>adbuc</span> <span class='ocrx_word' id='word_1_591' title='bbox 1003 3550 1073 3597; x_wconf 67' lang='lat' dir='ltr'>fiii,</span> <span class='ocrx_word' id='word_1_592' title='bbox 1089 3552 1204 3589; x_wconf 81' lang='lat' dir='ltr'>etiam</span> <span class='ocrx_word' id='word_1_593' title='bbox 1223 3551 1310 3589; x_wconf 85' lang='lat' dir='ltr'>dum</span> <span class='ocrx_word' id='word_1_594' title='bbox 1327 3559 1433 3603; x_wconf 83' lang='lat' dir='ltr'>pater</span> <span class='ocrx_word' id='word_1_595' title='bbox 1446 3551 1665 3602; x_wconf 85' lang='lat' dir='ltr'>loquebatur</span> <span class='ocrx_word' id='word_1_596' title='bbox 1682 3560 1829 3589; x_wconf 75' lang='lat' dir='ltr'>tecnmt</span> <span class='ocrx_word' id='word_1_597' title='bbox 1858 3559 1896 3588; x_wconf 84' lang='lat' dir='ltr'>et</span> <span class='ocrx_word' id='word_1_598' title='bbox 1906 3549 2087 3601; x_wconf 64' lang='lat' dir='ltr'>quantum</span> <span class='ocrx_word' id='word_1_599' title='bbox 2102 3559 2191 3583; x_wconf 88' lang='lat' dir='ltr'>con·</span> <span class='ocrx_word' id='word_1_600' title='bbox 2223 3583 2229 3590; x_wconf 57' lang='grc'><strong>,</strong></span> 
     </span>
    </p>
   </div>
   <div class='ocr_carea' id='block_1_8' title="bbox 125 3602 1619 3659">
    <p class='ocr_par' dir='ltr' id='par_1_9' title="bbox 125 3602 1619 3659">
     <span class='ocr_line' id='line_1_106' title="bbox 125 3602 1619 3659; baseline -0.002 -14"><span class='ocrx_word' id='word_1_601' title='bbox 125 3610 243 3657; x_wconf 72' lang='lat' dir='ltr'>Jicere</span> <span class='ocrx_word' id='word_1_602' title='bbox 260 3620 424 3659; x_wconf 85' lang='lat' dir='ltr'>possum.</span> <span class='ocrx_word' id='word_1_603' title='bbox 483 3606 543 3644; x_wconf 82' lang='lat' dir='ltr'>Cl.</span> <span class='ocrx_word' id='word_1_604' title='bbox 571 3605 676 3650; x_wconf 78' lang='lat' dir='ltr'>Quid</span> <span class='ocrx_word' id='word_1_605' title='bbox 694 3606 778 3644; x_wconf 87' lang='lat' dir='ltr'>est?</span> <span class='ocrx_word' id='word_1_606' title='bbox 834 3605 904 3657; x_wconf 78' lang='lat' dir='ltr'>Sy.</span> <span class='ocrx_word' id='word_1_607' title='bbox 932 3602 1021 3642; x_wconf 91' lang='lat' dir='ltr'>Non</span> <span class='ocrx_word' id='word_1_608' title='bbox 1041 3604 1104 3643; x_wconf 86' lang='lat' dir='ltr'>diu</span> <span class='ocrx_word' id='word_1_609' title='bbox 1119 3613 1223 3656; x_wconf 84' lang='lat' dir='ltr'>pater</span> <span class='ocrx_word' id='word_1_610' title='bbox 1238 3604 1370 3642; x_wconf 81' lang='lat' dir='ltr'>absens</span> <span class='ocrx_word' id='word_1_611' title='bbox 1388 3603 1534 3642; x_wconf 83' lang='lat' dir='ltr'>futurus</span> <span class='ocrx_word' id='word_1_612' title='bbox 1550 3616 1619 3642; x_wconf 88' lang='lat' dir='ltr'>est.</span> 
     </span>
    </p>
   </div>
   <div class='ocr_carea' id='block_1_9' title="bbox 1677 3598 2177 3656">
    <p class='ocr_par' dir='ltr' id='par_1_10' title="bbox 1677 3598 2177 3656">
     <span class='ocr_line' id='line_1_107' title="bbox 1677 3598 2177 3656; baseline -0.016 -12"><span class='ocrx_word' id='word_1_613' title='bbox 1677 3604 1737 3644; x_wconf 85' lang='lat' dir='ltr'>Cl.</span> <span class='ocrx_word' id='word_1_614' title='bbox 1755 3602 1857 3656; x_wconf 87' lang='lat' dir='ltr'>Ergo</span> <span class='ocrx_word' id='word_1_615' title='bbox 1871 3602 1964 3654; x_wconf 85' lang='lat' dir='ltr'>quid</span> <span class='ocrx_word' id='word_1_616' title='bbox 1980 3601 2066 3640; x_wconf 81' lang='lat' dir='ltr'>est?</span> <span class='ocrx_word' id='word_1_617' title='bbox 2120 3598 2177 3649; x_wconf 74' lang='lat' dir='ltr'>Sy</span> 
     </span>
    </p>
   </div>
   <div class='ocr_carea' id='block_1_10' title="bbox 105 3650 2192 3710">
    <p class='ocr_par' dir='ltr' id='par_1_11' title="bbox 105 3650 2192 3710">
     <span class='ocr_line' id='line_1_108' title="bbox 105 3650 2192 3710; baseline -0.001 -12"><span class='ocrx_word' id='word_1_618' title='bbox 105 3659 107 3662; x_wconf 82' lang='lat'>&#39;</span> <span class='ocrx_word' id='word_1_619' title='bbox 136 3659 190 3698; x_wconf 79' lang='lat' dir='ltr'>[ta</span> <span class='ocrx_word' id='word_1_620' title='bbox 206 3673 262 3698; x_wconf 81' lang='lat' dir='ltr'>res</span> <span class='ocrx_word' id='word_1_621' title='bbox 281 3673 319 3698; x_wconf 86' lang='lat' dir='ltr'>sc</span> <span class='ocrx_word' id='word_1_622' title='bbox 334 3659 462 3706; x_wconf 66' lang='lat' dir='ltr'>habet,</span> <span class='ocrx_word' id='word_1_623' title='bbox 488 3660 636 3710; x_wconf 80' lang='lat' dir='ltr'>opinor,</span> <span class='ocrx_word' id='word_1_624' title='bbox 657 3668 696 3697; x_wconf 81' lang='lat' dir='ltr'>te</span> <span class='ocrx_word' id='word_1_625' title='bbox 720 3671 797 3700; x_wconf 80' lang='lat' dir='ltr'>uon</span> <span class='ocrx_word' id='word_1_626' title='bbox 815 3670 894 3697; x_wconf 83' lang='lat' dir='ltr'>esse</span> <span class='ocrx_word' id='word_1_627' title='bbox 918 3657 1036 3698; x_wconf 74' lang='lat' dir='ltr'>filium</span> <span class='ocrx_word' id='word_1_628' title='bbox 1059 3654 1194 3698; x_wconf 82' lang='lat' dir='ltr'>horum</span> <span class='ocrx_word' id='word_1_629' title='bbox 1213 3655 1423 3698; x_wconf 82' lang='lat' dir='ltr'>Chremetis</span> <span class='ocrx_word' id='word_1_630' title='bbox 1450 3667 1488 3697; x_wconf 85' lang='lat' dir='ltr'>et</span> <span class='ocrx_word' id='word_1_631' title='bbox 1508 3655 1699 3699; x_wconf 67' lang='lat' dir='ltr'>Sostrata.</span> <span class='ocrx_word' id='word_1_632' title='bbox 1753 3655 1816 3698; x_wconf 77' lang='lat' dir='ltr'>Cl-</span> <span class='ocrx_word' id='word_1_633' title='bbox 1842 3653 1881 3694; x_wconf 90' lang='lat'><em>0</em></span> <span class='ocrx_word' id='word_1_634' title='bbox 1897 3653 2004 3708; x_wconf 70' lang='lat' dir='ltr'>Syre,</span> <span class='ocrx_word' id='word_1_635' title='bbox 2019 3664 2086 3692; x_wconf 76' lang='lat' dir='ltr'>cur</span> <span class='ocrx_word' id='word_1_636' title='bbox 2101 3650 2192 3690; x_wconf 65' lang='lat' dir='ltr'>dicis</span> 
     </span>
    </p>
   </div>
   <div class='ocr_carea' id='block_1_11' title="bbox 131 3714 258 3758">
    <p class='ocr_par' dir='ltr' id='par_1_12' title="bbox 131 3714 258 3758">
     <span class='ocr_line' id='line_1_109' title="bbox 131 3714 258 3758; baseline -0.008 -6"><span class='ocrx_word' id='word_1_637' title='bbox 131 3714 258 3758; x_wconf 65' lang='lat' dir='ltr'>istud?</span> 
     </span>
    </p>
   </div>
  </div>
 </body>
</html>
