2314 3944
141 129 210 179 93

140 267 209 307 La.
238 267 363 312 Quem
383 271 600 323 exspectas?
641 272 709 310 Pa.

134 321 288 361 Occidi:
329 322 460 375 lingua
488 322 605 362 haeret
645 337 709 374 pa-

136 374 213 413 lato
232 389 306 427 prae
325 385 439 414 metu.
495 377 564 414 La.
585 374 706 414 Hem!

134 438 199 466 cur
234 430 515 467 contremiscis?
559 427 708 467 Satisne

137 481 236 527 domi
250 480 357 519 salvae
372 491 459 519 sunt
474 493 529 518 res
545 482 705 520 nostrae?

134 532 211 572 Dic
231 533 336 572 mihi.
401 536 469 571 Pa.
500 531 614 580 Here,
633 535 708 586 pri-

133 588 237 625 minn
263 595 301 624 te
327 587 492 624 arbitrari
522 587 706 633 VelimJid,

131 640 233 691 quod
252 652 308 677 res
324 648 392 686 est,
404 640 584 690 quidquid
598 638 715 690 hujus

132 693 202 738 r'ei,
235 693 280 730 de
314 693 386 743 qua
413 694 603 742 quaeritur,
632 692 708 731 fac-

132 754 214 783 tum
233 754 302 792 est,
331 745 438 796 culpa
464 745 547 782 mea
568 744 708 784 factum

129 809 206 836 non
221 807 290 836 est.
328 799 397 836 La.
414 796 602 840 Quidnam
621 801 704 838 est?

131 851 201 888 Pa.
231 850 348 888 Recte
375 851 523 902 quidem
553 852 708 890 interro-

130 903 248 955 gasti3
298 917 384 942 nam
415 905 500 942 ante
533 902 594 942 nie
626 918 708 943 nar-

128 956 228 994 rasse
258 958 424 1008 oportuit
454 970 532 1003 rem
562 970 644 1008 quae
669 968 707 997 te

128 1009 282 1048 absente
330 1011 467 1048 evenit.
539 1008 709 1051 Phaedria

131 1064 222 1101 emit
253 1063 438 1113 quendam
475 1062 707 1112 eunuchum,

128 1129 243 1166 quem
257 1117 409 1154 donaret
429 1115 496 1154 illi.
525 1116 598 1156 La.
614 1115 706 1156 Cui-

128 1169 244 1206 nam?
295 1170 360 1206 Pez-
375 1168 523 1207 Thaidi.
564 1170 634 1208 La.
652 1169 707 1209 E-

130 1222 227 1260 mit?
251 1221 381 1260 Occidi
398 1236 463 1273 per
481 1221 702 1262 Herculem:

127 1284 269 1324 quanto
288 1277 435 1326 pretio?
489 1277 560 1314 Pa.
583 1275 706 1315 Pretio

129 1329 261 1380 viginti
281 1330 477 1366 minarum.
535 1330 603 1367 La.
632 1328 706 1389 Ae-

125 1389 208 1418 tum
228 1390 285 1418 est
303 1382 347 1419 de
367 1394 438 1419 me.
510 1382 579 1420 Pa.
606 1381 705 1422 Tum

127 1435 311 1484 quandam
340 1433 496 1473 Chaerea
522 1435 708 1475 fidicinam

128 1497 229 1526 amat
274 1486 336 1526 hic
378 1488 473 1539 apud
512 1486 708 1528 Thaidem.

127 1539 201 1579 La.
247 1539 375 1578 Hem!
411 1542 529 1592 quid?
576 1543 705 1581 amat?

128 1606 177 1631 an
222 1594 296 1643 jam
339 1593 469 1632 didicit
515 1595 607 1645 quid
655 1596 706 1634 sit

126 1648 331 1685 meretrix?
375 1646 439 1685 An
466 1649 507 1685 in
531 1647 630 1687 Astu
651 1649 706 1701 (in

125 1699 274 1751 urbem)
319 1714 364 1739 ex
412 1698 531 1739 Piroeo
575 1703 701 1741 venit?

123 1751 242 1792 Aliud
273 1760 319 1792 ex
353 1752 429 1791 alio
463 1754 603 1793 malum
631 1756 704 1792 ori-

122 1814 200 1844 tur.
253 1807 325 1845 Pa.
353 1804 471 1854 Here,
490 1819 538 1846 ne
554 1819 615 1846 me
633 1809 705 1847 mi-

51 1865 56 1872 “
125 1858 283 1898 nucibus
330 1859 450 1898 oculis
499 1861 701 1899 intuearis:

123 1925 202 1950 non
220 1924 292 1965 ego
309 1926 396 1952 eum
413 1912 458 1951 ad
474 1911 548 1951 hoe
562 1913 700 1952 facien-

124 1964 215 2004 dum
233 1966 381 2018 impuli.
409 1967 482 2004 La.
493 1964 636 2006 Desine
653 1967 699 2006 de

125 2026 165 2056 te
178 2018 290 2057 verba
302 2015 445 2057 facere:
467 2033 538 2072 ego
551 2029 604 2068 te,
620 2020 700 2059 fur-

123 2070 231 2119 cifer,
279 2072 310 2110 si
346 2073 459 2111 vitam
490 2073 541 2111 dii
573 2086 701 2126 proro-

46 2123 47 2126 ’
119 2132 229 2175 gent,
263 2125 359 2163 male
389 2125 599 2164 mulctabo:
635 2127 700 2167 sed

122 2178 237 2224 istud,
252 2179 513 2231 quodcumque
527 2188 594 2223 est,
607 2193 700 2232 pau-

121 2231 178 2269 cis
203 2232 323 2270 verbis
354 2245 494 2271 enarra.
554 2233 624 2272 Pa.
660 2231 699 2271 Is

123 2282 312 2334 (Cha-rea)
385 2296 454 2336 pro
525 2284 699 2325 eunucho

115 2335 255 2375 vThaidi
296 2338 452 2376 traditus
486 2347 555 2377 est.
626 2339 698 2377 La.

119 2386 269 2442 Anpro
287 2391 489 2430 eunucho?
537 2393 606 2430 Pa.
635 2391 698 2431 Sic

120 2452 202 2481 est:
222 2442 324 2482 hunc
337 2454 464 2496 postea
482 2446 583 2483 intus
598 2458 699 2484 com-

120 2494 398 2548 prehenderunt
428 2512 496 2549 pro
535 2498 698 2546 moecho,

114 2560 156 2586 et
171 2549 446 2600 colligaverunt.
466 2552 536 2589 La.
552 2551 698 2590 Interii.

119 2603 188 2639 Pa.
236 2602 502 2643 Temeritatem
534 2606 699 2643 meretri-

119 2664 210 2692 cum
249 2657 452 2695 considera.
523 2658 596 2696 La.
635 2658 697 2696 An

708 129 771 222 P.¹
801 121 1148 182 TERENTH
1185 123 1610 189 EUNUCHUS.

762 270 862 322 La.
901 270 1072 326 Quem
1097 273 1415 342 praestolare?

905 353 1062 404 metu.
1134 343 1236 395 La.
1276 342 1426 394 hem!

763 410 902 466 Quid
925 414 1032 465 est?
1072 414 1193 483 quid
1217 411 1471 483 trepidas?
1506 415 1684 468 sati'ne
1703 419 1888 470 salvae?
1934 419 2016 471 dic
2042 418 2188 471 mihi.

765 479 872 535 Pa.
890 484 1042 549 Here,
1053 486 1273 555 primum
1291 495 1342 536 te
1353 485 1806 559 arbitrariid‚quod‘
1816 506 1894 541 res
1908 502 1999 556 est,
2008 491 2189 543 velim:

763 554 1028 625 Quidquid
1066 556 1213 627 hujus
1249 558 1439 612 factum
1465 557 1555 623 est,
1593 561 1742 629 culm
1772 576 1872 612 non
1897 563 2088 614 factum
2116 573 2191 613 est

906 631 1037 679 mest.
2132 639 2192 690 10

763 698 864 750 La·
902 697 1078 754 Quid?
1158 698 1264 751 Pa.
1290 696 1934 771 reete-sane‘interrogfisth
1971 705 2193 774 oportuit

763 768 894 820 Rem
921 773 1244 838 praenarrasse
1270 788 1368 824 me.
1389 772 1515 823 emit
1539 774 1789 842 quendam
1818 773 2048 828 Phaedria

761 841 1092 905 Eunuchum,
1142 861 1293 911 quem
1335 843 1474 895 dono
1521 845 1642 896 huic
1690 845 1844 897 daret.
1927 847 2028 899 La.
2069 847 2186 899 eui?

907 913 1014 966 Pa.
1041 914 1089 966 T
1093 914 1246 967 hardi.
1376 932 1378 934 ’
1711 923 1715 928 ”
2154 924 2158 925 ’

760 983 862 1036 La.
887 985 1063 1037 Emit!
1091 986 1217 1055 perii
1237 987 1433 1039 hercle:
1460 983 1664 1056 quanti?
1694 987 1796 1040 Pa.
1821 989 2188 1057 vigintiminiS.

760 1055 862 1109 La.
888 1058 1077 1109 Actum
1104 1068 1196 1110 est.
1238 1059 1341 1110 Pa.
1366 1067 1476 1109 tum
1497 1058 1749 1130 quandam
1769 1059 2032 1113 fidicinam
2054 1072 2191 1112 amat

900 1129 987 1180 hic
1013 1128 1239 1181 Chaerea.
2123 1135 2186 1184 15

758 1196 860 1252 La.
896 1200 1038 1252 Hem
1058 1199 1072 1251 ¹.
1120 1201 1276 1270 quid?
1325 1212 1460 1254 amat
1480 1203 1497 1253 ?
1538 1216 1603 1253 an
1645 1202 1740 1254 seit
1780 1201 1889 1273 jam
1936 1203 2022 1255 ille
2065 1204 2189 1274 quid

902 1271 1135 1323 meretrix
1169 1273 1295 1324 siet?
1616 1312 1637 1338 ·.

757 1343 842 1393 An
867 1343 921 1394 in
945 1345 1073 1394 Astu
1095 1344 1264 1395 venit?
1305 1343 1439 1395 aliud
1462 1362 1522 1394 ex
1548 1344 1647 1396 alio
1667 1346 1878 1398 malum.
2028 1346 2189 1416 [facit.

767 1414 861 1466 Pa.
903 1414 1062 1481 Here,
1088 1432 1152 1466 ne
1175 1433 1259 1466 me
1282 1426 1504 1483 spectes:
1544 1433 1627 1467 me
1652 1416 1923 1485 impulsore
1946 1415 2058 1469 haee
2085 1437 2188 1471 non

761 1485 861 1538 La.
902 1485 1100 1538 Omitte
1125 1487 1186 1538 de
1210 1496 1261 1538 te
1287 1487 1484 1540 dicere:
1526 1505 1620 1556 ego
1643 1498 1711 1551 te,
1735 1488 1954 1552 furcifer,

761 1557 819 1609 Si
842 1557 970 1609 vivo,
990 1558 1076 1610 se'd
1096 1557 1245 1623 istud,
1265 1557 1511 1628 quidquid
1526 1556 1617 1622 est,
1634 1559 1857 1627 primum
1877 1560 2070 1629 expedi.
2114 1567 2186 1613 20

759 1630 862 1682 Pa.
900 1629 948 1680 Is
969 1648 1059 1700 pro
1082 1629 1169 1681 illo
1194 1630 1431 1685 eunucho
1455 1629 1517 1682 ad
1548 1629 1801 1682 Thaidem
1827 1631 2070 1692 deductus
2094 1643 2185 1686 est.

757 1700 858 1755 La.
898 1700 995 1754 Pro
1015 1701 1323 1754 eunuchon'?
1363 1702 1466 1755 Pa.
1490 1701 1562 1753 sic
1588 1711 1677 1754 est.
1701 1702 1840 1753 hunc
1863 1720 1955 1772 pro
1979 1705 2187 1756 moecho

934 1783 1070 1825 ostea

756 1791 1200 1914 Comllirehendere
1225 1844 1361 1896 intus
1383 1853 1434 1896 et
1457 1844 1818 1898 constrinxere.
1875 1845 1974 1899 La.
2001 1844 2182 1899 occidi.

754 1917 856 1968 Pa.
883 1916 1163 1968 Audaciam
1181 1916 1501 1968 meretricum
1519 1927 1703 1987 specta.
1740 1917 1840 1968 La.
1861 1918 2089 1988 nunquid
2107 1928 2182 1970 est

753 1985 910 2038 Aliud
935 1987 1058 2039 mali
1082 1987 1334 2052 damnive,
1362 1988 1495 2056 quod
1518 2005 1618 2039 non
1645 1988 1843 2053 dixeriS,
2109 1994 2180 2042 25
2211 2030 2215 2034 .

753 2058 1060 2128 Reliquum?
1118 2060 1222 2112 Pa.
1248 2068 1446 2111 tantum
1472 2067 1558 2112 est.
1621 2058 1725 2112 La.
1761 2060 1948 2112 cesson'
1972 2060 2074 2112 huc
2099 2061 2178 2112 in-

893 2131 1237 2200 trorumpere?
1848 2131 1930 2200 [sit
1954 2134 2145 2183 malum
2162 2150 2180 2195 ;

752 2202 856 2254 Pa.
881 2202 1004 2254 Non
1023 2202 1235 2266 dubium
1256 2211 1344 2267 est,
1370 2203 1493 2273 quin
1513 2202 1640 2254 mihi
1662 2219 1907 2271 magnum
1931 2221 1992 2255 ex
2011 2203 2107 2255 hac
2129 2220 2181 2254 re

750 2273 864 2325 Nisi
889 2273 1006 2344 quia
1030 2292 1232 2326 necesse
1256 2275 1351 2326 fuit
1371 2275 1471 2326 hoc
1496 2277 1657 2327 facere
1677 2293 1689 2326 z
1732 2274 1784 2326 id
1807 2275 2018 2343 gaude0‚

751 2345 959 2415 Propter
978 2364 1061 2397 me
1081 2346 1218 2397 hisce
1237 2346 1426 2415 aliquid
1450 2364 1554 2398 esse
1579 2357 1875 2398 eventurum
1903 2347 2021 2398 mali
2041 2367 2054 2398 z

751 2416 887 2468 Nam
903 2414 1121 2488 jamdiu
1139 2417 1358 2486 aliquam
1383 2436 1608 2468 caussam
1635 2419 1889 2486 quaerebat
1913 2435 2082 2482 senex,
2106 2403 2177 2470 30

753 2488 1101 2545 Quamobrem
1127 2489 1323 2558 insigne
1346 2490 1536 2560 aliquid
1566 2490 1752 2541 faceret
1776 2488 1865 2540 iis:
1903 2507 2040 2541 nunc
2064 2507 2179 2562 rep-

893 2560 1040 2631 perit.

1493 272 1600 347 Ra.
1624 274 1789 344 vpet-iis:
1835 275 2013 347 lingua
2032 275 2191 329 haeret

118 2707 218 2745 aliud
237 2709 324 2747 mali
342 2711 525 2756 damnive,
544 2712 642 2762 quod
659 2725 733 2749 non
749 2713 896 2760 dixeris,
912 2712 1030 2751 adhuc
1045 2713 1241 2752 dicendum
1259 2714 1396 2752 restat?
1452 2714 1522 2751 Pa.
1541 2711 1652 2750 Nihil
1667 2722 1841 2764 praeterea
1857 2719 1925 2749 est.
1982 2711 2050 2750 La.
2070 2709 2172 2754 Quid

117 2773 255 2807 moror,
279 2763 371 2812 quin
395 2764 490 2800 intro
506 2763 572 2801 has
589 2764 685 2802 oedes
707 2766 756 2803 im
788 2774 890 2804 etum
909 2766 1030 2805 facio?
1087 2767 1156 2804 Pa.
1185 2766 1335 2804 Certum
1354 2776 1410 2804 est
1430 2765 1520 2804 mihi
1547 2779 1723 2818 magnum
1746 2779 1790 2802 ex
1809 2764 1879 2814 Mc
1898 2777 1937 2801 re
1959 2764 2172 2815 impendere

119 2813 258 2852 malum
273 2828 282 2851 ε
312 2816 376 2852 sed
395 2825 544 2854 necesse
563 2817 636 2855 fuit
659 2816 732 2856 hoc
766 2825 890 2857 actum
909 2819 1043 2858 referre
1059 2821 1152 2866 seni,
1169 2828 1210 2858 ut
1228 2819 1305 2857 filio
1319 2832 1387 2857 suo
1405 2818 1571 2860 Chaereae
1589 2829 1814 2856 succurreret
1829 2831 1837 2854 ι
1850 2812 1910 2854 ‘'ex
1928 2814 1998 2869 hoc
2012 2817 2172 2868 gaudm,

118 2863 222 2903 hisce
243 2869 494 2906 meretricibus
513 2871 586 2907 mei
604 2872 712 2909 cansa
729 2872 877 2922 aliquod
898 2872 1032 2911 malum
1052 2871 1192 2910 factum
1208 2873 1274 2910 iri:
1304 2885 1389 2910 nam
1408 2873 1486 2921 jam
1509 2872 1650 2924 pridem
1675 2871 1831 2921 aliquam
1850 2881 1995 2906 causam
2020 2869 2172 2921 optabat

113 2916 251 2957 habere
271 2933 399 2968 senex,
415 2931 457 2959 ut
470 2923 618 2974 aliquod
632 2924 779 2977 insigne
799 2924 939 2964 facinus
958 2926 998 2964 in
1013 2927 1225 2964 meretrices
1243 2927 1330 2964 istas
1348 2925 1493 2964 ederet:
1524 2926 1554 2963 is
1573 2937 1672 2963 nunc
1687 2923 1836 2962 invenit.

927 3069 1369 3109 ANNOTATIONES.

171 3146 194 3179 9
212 3139 259 3177 Te
277 3139 452 3179 arbitrari
464 3132 516 3190 id,
531 3145 627 3194 quod
642 3157 697 3183 res
714 3152 779 3192 cst,
798 3145 935 3195 velim]
968 3143 1018 3183 Se
1031 3142 1118 3183 Par·
1171 3145 1222 3182 ita
1241 3154 1282 3182 ut
1300 3143 1438 3196 plebeii
1461 3150 1500 3181 et
1523 3140 1755 3181 democratiae
1782 3140 1942 3179 fautores
1961 3139 2000 3177 in
2019 3139 2172 3191 reglone

117 3199 231 3230 meno
258 3201 424 3241 excusat,
452 3203 492 3234 et
521 3207 653 3259 purgat
680 3207 877 3249 antequam
902 3206 1118 3244 accusetur;
1171 3195 1301 3236 Piraeei
1317 3205 1488 3249 agerent;
1517 3195 1761 3257 elegantiores
1782 3193 2056 3244 nobilioresque
2073 3191 2170 3230 Astu

113 3256 199 3294 quoe
213 3246 389 3285 orationis
401 3249 630 3299 perturbatio
641 3251 805 3289 animum
820 3251 914 3289 male
927 3252 1118 3289 conscium
1171 3250 1388 3288 incolerent.
1440 3247 1477 3286 A
1499 3257 1632 3300 potiori
1664 3257 1777 3299 igitur
1795 3256 1898 3298 parte
1916 3254 1954 3284 et
1976 3246 2021 3283 ud
2043 3246 2169 3296 portus

114 3297 252 3348 arguit.

172 3356 216 3394 17
246 3350 311 3389 Λ-ιι
328 3352 369 3390 in
385 3351 483 3392 Astu
503 3355 601 3393 venit
612 3353 653 3405 ἓ]
709 3355 960 3396 Athenienses
983 3356 1115 3395 urbem

112 3413 218 3440 suam
234 3402 334 3442 Astu
351 3407 541 3444 vocabant.
595 3406 727 3447 Cicero
740 3411 862 3462 primo
880 3411 926 3449 de
942 3410 1088 3463 legibus
1103 3423 1112 3448 ε

111 3453 281 3502 Theseus,
309 3458 447 3509 inquit,
477 3461 616 3499 eosdem
638 3462 797 3512 migrare
819 3476 864 3502 ex
881 3467 1007 3522 agne,-
1021 3469 1056 3511 et
1071 3463 1114 3501 in

1167 3303 1380 3350 discrimen,
1397 3299 1492 3346 '‘Ag-u
1510 3312 1547 3340 et
1567 3300 1737 3346 Ἀς-ικοὺς
1765 3298 2006 3338 nominabant
2036 3299 2170 3337 Urbem

1222 3355 1396 3394 Urbanos.
1417 3373 1423 3378 -

1224 3416 1273 3449 19
1300 3406 1499 3459 Furczfer]
1556 3408 1762 3447 Dicebatur
1783 3419 1919 3452 servus,
1942 3404 2007 3456 qui
2025 3403 2074 3442 ob
2087 3403 2170 3465 leve

1165 3461 1342 3500 delictum
1362 3460 1561 3513 cogebatur
1586 3461 1608 3499 a
1623 3462 1771 3499 domino
1790 3461 1802 3496 i
1832 3459 2009 3496 nominiae
2031 3469 2170 3508 magis,

108 3505 208 3544 Astu
233 3511 331 3557 quod
358 3514 580 3564 appellatur,
609 3527 732 3553 omnes
758 3529 795 3553 se
817 3515 1113 3567 corgferreyussit.
1165 3513 1274 3605 quam
1290 3514 1464 3566 supplicii
1488 3514 1612 3560 causa,
1633 3514 1671 3552 in
1693 3513 1801 3551 vieini
1850 3510 1990 3550 furcam
2010 3510 2048 3546 in
2068 3507 2166 3547 collo

109 3555 220 3608 'Ag-v,
234 3561 366 3600 Graece
379 3565 565 3616 significat
587 3566 730 3606 Urbem.
749 3567 935 3607 Coeterum
949 3567 1112 3607 Athenae

106 3613 150 3679 in
179 3613 268 3652 duas
296 3615 419 3654 divisae
446 3626 551 3680 erant
577 3628 722 3670 partein
754 3620 896 3660 Urbem
911 3635 996 3673 quae
1013 3621 1111 3660 dieta

121 3673 217 3712 Αςυ,
236 3675 274 3704 et
297 3677 448 3720 portum
473 3685 538 3722 qui
564 3675 745 3726 Πειραιεὺς
770 3684 919 3714 vocatus
942 3684 1020 3713 est:
1049 3689 1109 3714 eas

1181 3581 1274 3613 erre,
1303 3567 1494 3620 subligatie
1511 3567 1556 3605 ad
1583 3580 1663 3604 eam
1691 3564 1876 3610 manibus,
1905 3572 1944 3600 et
1966 3561 2168 3614 praedicar&

1162 3629 1356 3672 peceatum
1387 3634 1510 3666 suum,
1538 3620 1722 3673 simulque
1749 3630 1898 3658 monere
1929 3624 2080 3666 caeteros
2112 3625 2160 3651 ne

1161 3674 1282 3717 simile
1296 3673 1385 3728 quid
1398 3674 1644 3714 admitterent.

107 3724 234 3760 autem
251 3726 375 3774 panes
392 3734 487 3763 unus
506 3726 826 3780 complectebatur
842 3727 1026 3780 ambitum
1045 3729 1110 3771 sed
