2340 3964
807 139 1298 200 TERENTIANA.

249 298 384 348 Fecit
399 294 630 346 sententia
649 300 702 341 ut
722 292 839 340 illud
856 293 1072 339 Chaereae
1092 291 1142 337 in
1166 288 1414 343 Eunucho,
1440 286 1620 335 Occidi.

253 367 408 428 Neque
426 364 557 425 virgo
579 371 642 407 est
661 376 856 423 usquam,
880 375 958 405 nec
978 374 1074 421 ego,
1095 359 1171 421 qui
1194 355 1217 401 ὲ
1238 365 1468 418 conspectu
1492 352 1621 399 illam
1650 351 1785 399 amisi.
1805 366 1911 400 meo,
1975 403 1980 410 x

186 429 280 477 Ubi
296 445 485 493 quaeram
501 431 524 474 3>
547 426 626 475 ubi
646 427 898 488 investigem
918 427 940 469 ,Ρ
963 440 1088 486 quem
1096 431 1336 484 perconter
1351 423 1374 466 ,²⁷
1391 435 1522 483 quam
1536 420 1739 465 insistam
1754 420 1875 463 viam
1889 420 1913 462 ,9

187 497 389 544 Incertus
402 510 496 540 sum
511 512 524 538 ι
550 509 638 539 una
662 492 753 538 lzoec
772 505 867 552 spes
885 500 960 544 est,
986 487 1157 535 ubiubi
1174 497 1253 541 est,
1277 485 1357 531 diu
1373 470 1514 531 celari
1533 499 1620 530 non
1641 493 1783 546 potest
1799 502 1812 528 .·
1841 483 1912 530 Ita

185 560 471 624 legeremus,
495 558 678 612 Occidi,
704 558 854 620 Neque
884 558 1011 618 virgo
1044 565 1105 599 est
1135 567 1334 615 usquam,
1366 566 1499 612 neque
1518 566 1613 611 ego,
1638 551 1717 612 qui
1745 548 1769 594 e¹
1802 559 1910 595 ccm-

181 637 329 688 spectu
350 625 474 671 illam
493 626 625 671 amisi
643 639 764 687 meo..
812 620 901 668 Ubi
923 622 1148 683 quaeram?
1171 617 1251 665 ubi
1268 618 1524 677 investigem
1540 619 1563 659 ?
1586 631 1712 677 quem
1721 629 1912 676 percon-
1934 636 1936 639 ’

181 701 250 738 ter
267 694 290 737 ,θ
313 706 446 753 quam
463 691 663 736 insistam
684 691 845 734 viam?
880 686 1029 732 Certus
1051 700 1145 729 sum
1162 703 1175 728 .-
1211 697 1300 727 zma
1322 681 1412 727 hoec
1429 697 1525 742 spes
1546 681 1720 733 est,.ssubi
1736 682 1814 727 ubi
1833 691 1911 736 est,

181 757 266 803 diu
287 757 432 802 celari
452 771 539 800 non
554 766 709 817 potest.
777 751 986 812 Angitur
1006 749 1227 794 nimirum
1251 745 1411 791 animo
1430 746 1653 800 Chaerea,
1680 755 1728 792 et
1751 762 1799 792 se
1817 747 1911 794 vir-

181 821 342 885 ginem
367 819 392 867 ὲ
419 830 675 882 conspectu
698 816 970 880 perdidisse,
993 822 1146 876 'neque
1170 812 1290 859 scire
1312 821 1472 857 tamen
1494 808 1590 872 qua
1621 811 1680 856 ad
1703 827 1809 858 eam
1834 829 1910 858 ra-

179 889 308 933 tione
333 901 491 932 rursus
516 880 798 948 perveniret.
867 881 929 926 Et
952 878 1095 932 certe,
1123 877 1245 942 quod
1274 875 1393 938 pene
1419 876 1756 938 praeterieram,
1787 886 1910 924 stare

179 952 412 999 iambicus
443 950 715 997 octonarius
752 948 789 992 si
827 946 973 1007 legas,
1011 947 1203 991 incertus
1229 959 1338 996 sum,
1372 958 1468 988 non
1493 950 1664 1004 potest.
1733 941 1908 1003 Operae

178 1018 387 1080 pretium
408 1025 479 1062 est
493 1014 667 1063 Donati
692 1011 851 1059 audire
877 1015 926 1057 in
948 1026 1057 1075 eqm
1081 1011 1236 1056 locum
1261 1007 1482 1070 argutias,
1503 1061 1506 1065 ¹
1542 1008 1598 1066 In
1622 1006 1909 1055 Phormione

179 1083 328 1130 verba
359 1091 468 1129 sunt
490 1082 628 1127 Getae
653 1078 771 1125 servi
806 1078 957 1140 flagra
980 1076 1205 1129 timentis,
1242 1084 1290 1120 et
1321 1089 1379 1120 ea
1402 1089 1452 1119 se
1485 1072 1634 1119 vitare
1667 1089 1806 1135 posse
1827 1073 1912 1120 de—

180 1148 427 1212 speranti&
489 1145 567 1192 Ad
588 1154 869 1207 precatorem
902 1142 1057 1189 abeam
1088 1142 1242 1194 credo,
1271 1140 1352 1203 qui
1384 1139 1495 1185 milii
1531 1141 1599 1185 sic
1632 1149 1739 1207 oret,
1780 1140 1911 1188 Nunc

180 1215 339 1266 mne
360 1224 504 1275 quaeso
522 1211 650 1264 liu-nc,
676 1207 878 1256 coeteru'm
893 1208 1083 1270 posthac
1098 1209 1140 1253 si
1163 1208 1411 1270 quicquam,
1429 1205 1500 1252 nil
1512 1217 1690 1266 precor,
1714 1214 1912 1250 tantum-

179 1278 311 1324 modo
330 1293 417 1324 non
434 1276 595 1330 addat,
613 1275 694 1321 'ubi
717 1291 797 1338 ego
822 1275 925 1320 hinc
948 1273 1115 1327 abiero,
1141 1273 1212 1331 vel
1231 1270 1441 1318 occidito,
1512 1269 1610 1316 Ubi
1634 1286 1720 1316 nos
1745 1270 1919 1334 legen-2

178 1343 294 1390 dum
318 1353 552 1406 putamuS,
585 1341 850 1398 noncaedas,
874 1340 962 1385 nisi
999 1339 1168 1385 addere
1203 1353 1289 1400 pro
1311 1336 1476 1382 caedere
1501 1344 1684 1382 veteres
1713 1352 1912 1399 usurpa-

176 1409 323 1456 bant:
362 1408 410 1454 id
449 1407 654 1470 postulat
692 1407 886 1452 omnino
909 1407 1157 1458 sententia,
1181 1403 1360 1450 indicat
1383 1401 1508 1463 quod
1532 1402 1708 1455 intulit,
1730 1402 1800 1448 vel
1833 1418 1915 1463 oc·-

178 1474 337 1534 ciclico,
403 1474 461 1519 In
482 1472 687 1518 Andriae-
707 1474 814 1518 Aet.
840 1473 878 1518 Ι.
915 1486 1043 1517 scen.
1071 1471 1136 1518 ΙΙ.
1175 1470 1241 1516 ita
1264 1467 1528 1531 legebatur,
1564 1467 1635 1514 Ne
1654 1466 1907 1524 temerefa-

176 1541 288 1594 cias,
307 1555 445 1603 neque
460 1549 508 1584 tu
527 1538 650 1583 haud
673 1538 815 1590 dicas,
839 1536 923 1582 tibi
937 1551 1027 1582 non
1039 1534 1308 1596 praedictum
1329 1549 1451 1581 cave.
1518 1533 1575 1578 In
1594 1549 1703 1580 eum
1721 1549 1910 1581 versum

179 1604 247 1651 ita
286 1605 596 1666 interpretum
635 1618 768 1649 unus.
833 1602 955 1649 Duae
994 1601 1269 1663 negationes
1311 1614 1454 1645 unam
1487 1596 1670 1644 faciunt
1705 1598 1909 1646 affirma-

179 1670 375 1723 tionem,
409 1677 503 1714 tres
542 1668 819 1731 negationes
857 1683 943 1729 pro
980 1666 1291 1713 affirmatione
1325 1663 1420 1710 una
1452 1671 1714 1718 sumuntur,
1750 1674 1803 1711 ut
1827 1663 1909 1712 hic

178 1750 329 1798 neque,
374 1734 512 1788 baud,
555 1748 654 1780 non.
723 1733 860 1779 Alter
904 1732 1091 1778 tertiam
1135 1730 1440 1792 negationem
1487 1728 1586 1775 vult
1632 1729 1911 1778 redundare.

179 1800 390 1863 Uterque
412 1795 653 1852 testisest,
674 1797 790 1843 alios
822 1813 909 1859 pro
944 1796 1078 1850 haud,
1116 1795 1283 1859 legisse
1313 1795 1424 1848 hoc,·
1460 1809 1606 1857 quam
1627 1810 1717 1858 ego
1742 1795 1908 1842 lectio-

178 1862 290 1919 nem
309 1866 545 1912 veriorem
567 1873 700 1926 puto,
723 1872 771 1908 et
793 1861 1019 1915 Terentio
1041 1861 1320 1925 digniorem.
1371 1857 1521 1907 Paul&
1544 1860 1654 1906 ante
1678 1862 1744 1907 ita
1758 1862 1908 1917 Simo,

179 1929 305 1984 Quid
323 1929 406 1976 hoc
420 1932 444 1975 ,θ’
476 1927 744 1976 Intelleoetin'
762 1931 785 1974 ,ἒ
820 1930 894 1974 Αη
916 1929 1108 1974 nondum
1125 1931 1263 1973 etiam
1279 1928 1363 1973 lzoc
1384 1925 1561 1989 quidem
1575 1929 1598 1972 ?
1632 1926 1770 1974 Quod
1795 1928 1910 1974 cum

176 2005 226 2042 et
247 1995 452 2058 postulet
483 1996 733 2048 sententia,
760 2009 912 2056 neque
936 1994 1057 2040 desit
1079 1993 1222 2040 etiam
1251 1991 1431 2039 codicis
1453 1992 1791 2047 testimonium,
1826 1994 1908 2056 qui

174 2061 303 2108 haud
322 2060 504 2108 malunt
525 2070 700 2115 tamen,
725 2058 883 2106 facere
907 2060 1022 2106 mihi
1041 2058 1283 2112 videntur,
1301 2067 1354 2103 ut
1375 2056 1588 2104 Terentii
1612 2059 1769 2107 verbis
1788 2067 1907 2115 utar,

174 2141 253 2172 nae
277 2125 587 2188 intelligendo
611 2135 663 2172 ut
700 2125 822 2171 nihil
845 2125 1114 2189 intelligant
1135 2144 1145 2172 :
1185 2125 1279 2187 qui,
1309 2124 1431 2170 Neve
1455 2133 1503 2171 tu
1525 2123 1577 2170 id
1612 2123 1768 2170 dicas.-
1804 2139 1906 2187 pro,

175 2193 333 2254 Neque
351 2203 399 2238 tu
422 2191 545 2238 haud
567 2191 696 2239 dicas
718 2190 942 2254 reposuit,
965 2189 1046 2254 qui
1068 2189 1191 2237 serre
1213 2189 1483 2237 octonarius
1503 2198 1660 2251 posset
1676 2189 1910 2237 iambicus

175 2257 296 2304 vidit
315 2255 498 2319 parum.
566 2258 635 2302 At
655 2272 812 2319 neque
846 2256 935 2303 hoc
966 2256 1151 2303 tantum
1175 2256 1290 2306 locu
1316 2271 1401 2318 pro
1423 2255 1521 2308 hoc,
1587 2254 1737 2302 Haud
1760 2257 1909 2319 scrip·

177 2331 280 2368 tum
303 2321 535 2384 flagitiose
560 2322 886 2369 animadverti.
943 2323 1000 2368 In
1035 2321 1263 2386 Heeyrae,
1288 2323 1399 2368 Act.
1424 2320 1510 2367 111.
1533 2335 1596 2368 sc.
1622 2321 1662 2368 Ι.
1696 2321 1768 2366 lta
1794 2321 1907 2367 Par-

177 2403 333 2441 meno,
368 2388 491 2437 haud
518 2388 662 2436 hercle
686 2388 863 2452 quidem
887 2401 1054 2450 parum
1076 2398 1165 2435 est:
1206 2386 1286 2433 ubi
1317 2381 1588 2449 legendum,
1623 2387 1730 2434 Hoc
1763 2387 1910 2434 hercle

176 2453 352 2516 quidem
371 2467 534 2516 parum
555 2465 632 2501 est.
699 2453 825 2500 Nam
861 2453 969 2500 cum
995 2453 1221 2518 singulari
1248 2449 1407 2515 aliqua
1442 2450 1611 2512 injuria
1641 2452 1765 2499 inter
1787 2469 1908 2500 uxo-

174 2534 276 2565 rem
294 2527 341 2564 et
356 2527 568 2573 matrem,
596 2519 712 2566 iram
737 2520 955 2566 crederet
977 2518 1254 2581 Pamphilus
1274 2518 1546 2572 excitatam,
1569 2533 1678 2581 quae
1702 2526 1799 2565 tam
1816 2519 1906 2566 du-

174 2582 304 2631 riti-at
319 2583 416 2638 diu,
442 2584 695 2647 animoque
714 2584 883 2631 misere
908 2585 970 2631 ob
988 2600 1094 2631 eam
1119 2600 1308 2632 causam
1334 2591 1642 2645 torqueretur,
1669 2583 1908 2647 velletque

174 2649 294 2696 hero
323 2649 559 2697 Parmeno
581 2650 951 2698 consolationem
988 2651 1195 2713 aliquam
1230 2649 1475 2702 adhibere,
1510 2658 1673 2696 monet
1702 2649 1822 2696 nihil
1857 2651 1907 2698 id

114 2717 117 2722 ’
171 2730 290 2770 esse,
313 2714 436 2779 quod
457 2724 552 2765 tarn
577 2730 722 2779 grave
744 2715 824 2762 ille
843 2715 1167 2774 existimaret3
1201 2715 1486 2777 subjicitque
1510 2715 1646 2777 pueri
1663 2715 1786 2761 inter
1806 2731 1908 2763 sese

174 2780 321 2844 quam
343 2797 432 2844 pro
449 2780 632 2827 levibus
654 2781 810 2828 noxiis
827 2780 916 2827 iras
941 2781 1140 2843 gerunt?
1178 2779 1504 2844 Quapropter?
1542 2780 1654 2843 quia
1671 2780 1798 2828 enim
1822 2782 1904 2844 qui

173 2861 254 2893 eos
299 2847 533 2908 gubernat
564 2845 764 2901 animus,
804 2845 1043 2893 infirmum
1083 2854 1284 2910 gerunt:
1345 2844 1508 2892 itidem
1546 2845 1766 2893 mulieres
1798 2856 1907 2894 sunt

172 2909 339 2966 ferme,
362 2921 413 2958 ut
432 2911 583 2974 pueri,
612 2912 704 2958 levi
726 2911 978 2958 sententia.
1045 2912 1261 2959 Fortasse
1300 2927 1446 2958 unum
1472 2911 1667 2975 aliquod
1700 2912 1905 2961 verbum

172 2976 295 3024 inter
316 2992 395 3024 eas
413 2975 536 3024 hanc
558 2977 678 3024 iram
702 2977 977 3025 conciverit.
1044 2977 1331 3025 Incredibile
1357 2988 1442 3032 est,
1470 2975 1612 3039 quam
1643 2979 1793 3024 multa
1817 2995 1904 3043 ge-

170 3042 297 3089 neris
329 3041 480 3103 hujus,
503 3040 695 3106 quoqu&
718 3059 795 3090 me
818 3051 967 3096 verto,
998 3052 1263 3090 occurrant.
1328 3043 1439 3090 Non
1473 3043 1715 3090 discedam
1750 3044 1812 3091 ab
1845 3059 1903 3091 eo

170 3106 307 3155 loco:
344 3116 587 3172 totumque
611 3105 731 3156 ade&
753 3107 972 3163 referam,
996 3106 1092 3172 quo
1107 3107 1296 3156 facilius
1319 3125 1392 3156 res
1416 3110 1564 3156 teneri
1588 3110 1764 3173 possit:

239 3233 331 3281 Sed
350 3250 558 3298 magnum
578 3235 728 3282 nescio
748 3234 859 3298 quid
877 3249 1048 3281 necesse
1068 3243 1128 3280 est
1147 3234 1329 3288 venisse,
1346 3235 1581 3290 Parmeno,

246 3299 370 3346 Unde
385 3301 460 3346 ira
482 3302 599 3347 inter
618 3315 692 3346 eas
709 3301 965 3355 intercessit,
990 3314 1086 3362 quae
1105 3309 1197 3347 tam
1208 3301 1453 3361 permansit
1476 3301 1570 3346 diu.
1696 3299 1897 3364 [exequi,

236 3362 344 3410 Par.
377 3365 480 3411 Hoc
495 3366 637 3413 hercle
649 3365 828 3430 quidem
842 3379 1010 3427 parum
1031 3376 1114 3411 este
1150 3366 1191 3410 si
1211 3366 1280 3411 vis
1300 3366 1404 3411 verd
1425 3381 1574 3422 veram
1595 3367 1820 3414 rationem

235 3428 345 3478 Non
362 3431 596 3486 maximas,
614 3447 710 3494 quae
726 3433 936 3477 maximae
950 3440 1048 3478 sunt
1070 3430 1288 3487 interdum
1309 3431 1405 3486 irae,
1424 3426 1618 3492 iry’z'crias

237 3493 452 3541 Faciunt.
507 3497 755 3560 Namsaepe
770 3506 846 3550 est,
866 3495 1024 3558 quibus
1043 3497 1092 3542 in
1107 3498 1236 3545 rebus
1256 3495 1362 3543 aliis
1381 3513 1434 3542 ne
1458 3499 1603 3543 iratus
1625 3496 1802 3558 quidem
1819 3509 1896 3554 est,

185 3603 191 3606 .
241 3557 352 3627 Cu'm
373 3559 430 3611 de
450 3558 608 3608 eadem
628 3559 771 3610 causti
791 3571 854 3610 est
877 3561 1286 3619 i2·acundusfactus
1307 3562 1652 3617 inimicissimus,

2132 163 2240 218 xiix
2259 196 2262 198 v
