2340 3964
806 126 1036 204 Aeros
1072 147 1168 203 111.
1238 148 1473 205 SCENA
1509 149 1577 204 Π.

176 299 252 352 Si.
291 294 416 421 lgm
450 312 546 364 ego
574 293 682 346 scio
704 311 882 360 unum,
908 293 1167 346 neminem
1203 293 1452 364 peperisse
1491 293 1592 347 h‘1'e.

313 359 319 372 ‘
376 384 425 420 α.
440 357 799 418 ‘intellextin'?
1375 365 1593 434 [ostium.

173 439 277 492 Sed
297 438 463 491 nihilo
493 437 646 489 seciu’
683 454 803 488 mox
841 436 1067 488 deferent
1100 451 1315 505 puerum
1351 436 1454 487 hue
1480 448 1596 488 ante

170 511 235 564 Id
257 528 354 580 ego
369 509 479 579 jam
510 526 650 562 nune
675 508 768 559 tibi
800 508 1061 572 renunciO,
1096 507 1235 570 here,
1270 507 1514 572 futurum,
1538 517 1596 559 ut

315 581 380 633 sis
402 581 595 632 sciens:

172 652 256 716 Ne
278 663 336 704 tu
359 651 457 703 hoe
482 651 611 703 mihi
646 651 888 721 posterius
913 649 1066 714 dieaS,
1098 648 1232 702 Davi
1255 649 1446 701 factum
1473 666 1596 702 eon-

245 723 374 787 silio,
397 732 486 774 aut
509 723 651 775 dolis.
1316 719 1441 787 [tam
1466 723 1593 773 volo·

169 793 372 847 Prorsus
398 796 427 844 ῖτ.
452 813 535 846 me
559 793 852 862 opinionem
881 793 1013 844 hane
1038 799 1179 844 tuam
1206 809 1311 843 esse
1331 808 1432 860 ego
1456 798 1597 842 amo-

172 865 247 933 Sis
288 865 439 917 Unde
463 865 515 917 id
538 866 668 917 seis?
741 864 852 918 Da.
889 861 1074 927 audivi,
1111 872 1163 914 et
1187 862 1351 914 eredo.
1426 862 1598 914 Multa

316 948 623 988 concurrunt
649 936 818 999 simul,
1525 939 1590 985 31

173 1008 280 1065 Qui
304 1006 644 1077 conjecturam
668 1007 799 1058 hane
829 1022 967 1057 nunc
997 1002 1143 1056 faei0.
1216 1003 1336 1056 Jam
1372 1003 1594 1072 primum

314 1080 426 1131 haee
443 1096 496 1131 se
519 1081 548 1128 ὲ
571 1077 838 1147 Pamphilo
1034 1130 1037 1133 ,
1148 1077 1434 1146 [postquam
1460 1075 1597 1128 videt

173 1150 447 1204 Gravidam
482 1148 609 1201 dixit
641 1166 778 1200 esse:
816 1147 1081 1200 inventum
1106 1159 1180 1198 est
1203 1148 1401 1199 falsum.
1442 1165 1596 1214 nune,

172 1221 390 1293 Nuptias
414 1219 553 1272 domi
572 1220 816 1289 apparari,
841 1221 989 1272 missa
1013 1228 1087 1270 est
1105 1219 1291 1270 aneilla
1316 1217 1454 1269 illico

170 1291 511 1346 Obstetricem
535 1289 834 1343 accersitum
859 1291 924 1343 eid
945 1308 1077 1356 eam,
1114 1302 1164 1342 et
1187 1307 1399 1359 puerum
1429 1297 1483 1340 ut
1506 1288 1595 1340 ad-

311 1363 461 1415 ferret
483 1362 652 1414 simul.
1447 1403 1451 1409 .
1525 1365 1592 1411 35

173 1433 294 1486 Hoc
326 1433 423 1485 nisi
450 1433 525 1499 fit,
562 1451 774 1502 puerum
814 1442 870 1483 ut
903 1441 961 1484 tu
997 1430 1182 1495 videaS,
1220 1430 1293 1482 nil
1330 1439 1596 1484 moventur

172 1506 249 1558 Si.
290 1504 429 1560 Quid
453 1505 556 1572 ais?
597 1507 713 1556 eum
742 1504 1054 1555 intellexeras
1360 1499 1595 1571 [nuptiae.

171 1577 232 1632 Id
243 1575 441 1631 consilii
458 1580 651 1645 capere,
660 1593 750 1627 eur
764 1593 866 1628 non
887 1573 1014 1625 dixti
1033 1574 1288 1641 extemplo
1296 1573 1591 1642 Pamphilo?

173 1647 281 1702 Da.
319 1646 449 1703 Quis
485 1647 637 1716 igitur
673 1665 789 1698 eum
827 1647 890 1697 ab
931 1646 1020 1707 illa
1055 1644 1292 1722 abstraxit
1330 1644 1426 1696 nisi
1462 1647 1592 1715 ego?

313 1736 434 1773 nam
457 1736 632 1771 omnes
657 1736 748 1769 nos
773 1717 979 1786 quidem

174 1788 569 1859 ScimuS„qu{1m
590 1788 770 1842 misere
794 1789 925 1840 hane
943 1786 1151 1839 amarit:
1190 1804 1328 1838 nune
1352 1787 1447 1838 sibi
1471 1805 1596 1839 uxo-

215 1861 218 1863 ’
311 1877 420 1915 rem
444 1860 646 1929 expetit.
1527 1862 1600 1912 40

158 1930 430 1985 'Postremo
470 1931 523 1984 id
556 1929 684 1984 milii
708 1930 773 1984 da
810 1931 1008 2000 negoti:
1047 1939 1104 1982 tu
1136 1939 1309 1982 tamen
1334 1929 1470 1983 idem
1505 1931 1594 1982 has

230 2010 245 2030 ¹
312 2003 512 2073 nuptias
748 2055 750 2059 ,
852 2040 858 2046 -
1434 2003 1592 2070 [deOS.

170 2075 330 2144 Perge
368 2077 538 2127 facere·
566 2074 651 2138 ita,
695 2083 753 2126 ut
782 2073 939 2127 ‘faeisc
979 2081 1029 2123 et
1068 2073 1120 2124 id
1161 2090 1303 2142 spero
1341 2071 1596 2145 adjuturos

176 2145 253 2200 Si.
292 2146 405 2198 Im&
426 2145 511 2200 rabi
548 2145 709 2197 intro:
749 2145 820 2197 ibi
850 2162 934 2196 me
967 2144 1212 2213 opperire,
1248 2154 1316 2209 et,
1348 2146 1482 2215 quod
1505 2163 1595 2215 pa-

244 2243 247 2246 *
316 2226 423 2269 rato
447 2235 571 2286 opus
592 2227 680 2280 est>
703 2235 837 2284 para.
1469 2272 1471 2277 ,

90 2349 107 2358 ἡ
170 2285 296 2339 Non
313 2288 517 2357 impulit
536 2296 637 2352 me,
662 2289 774 2339 haee
800 2277 944 2339 nund
961 2287 1173 2339 omnino
1189 2296 1253 2346 ‚ut
1272 2287 1544 2339 crederem.

174 2361 343 2428 Atque
358 2359 494 2410 haud
517 2360 723 2422 sciossan,
749 2378 861 2428 quae
883 2359 1025 2424 dixit,
1045 2359 1144 2410 sint
1161 2376 1276 2409 vera
1290 2359 1492 2410 omnia:
1530 2365 1598 2412 45

176 2428 278 2482 Sed
300 2430 439 2499 parvi
458 2432 624 2500 pendo
644 2451 656 2482 t
695 2431 824 2482 illud
848 2429 976 2482 mihi
999 2433 1162 2481 multo
1186 2448 1484 2480 maxumum
1510 2440 1600 2493 est,

175 2501 328 2557 Quod
375 2500 503 2553 mihi
557 2502 813 2570 pollicitus
859 2510 932 2552 est
989 2501 1094 2570 ipse
1149 2510 1345 2570 gnatus,
1439 2501 1596 2552 Nune

319 2571 594 2625 Chremem
738 2623 739 2626 ,

174 2641 511 2694 Conveniam:
550 2644 700 2694 orabo
722 2651 876 2711 gnato
899 2661 1140 2704 uxorem:
1176 2643 1228 2694 id
1252 2643 1294 2695 si
1315 2644 1547 2712 impetro,

175 2712 316 2767 Quid
340 2714 460 2765 alius
485 2715 678 2775 malim,
698 2716 849 2782 quiim
875 2714 1026 2766 hodie
1053 2715 1138 2765 has
1161 2713 1267 2765 fieri
1295 2715 1526 2783 nuptias?

174 2784 313 2837 Nam
348 2795 526 2854 gnatus
556 2785 694 2854 quod
726 2785 971 2854 pollicitu’
1006 2796 1096 2848 est,
1133 2785 1267 2837 haud
1292 2786 1602 2841 dubiumest

317 2857 462 2920 mihi,
1532 2863 1601 2908 50

175 2924 232 2977 Si
258 2927 402 2991 nolit,
427 2926 549 2995 quin
575 2946 694 2979 eum
721 2927 900 2994 merito
919 2926 1103 2996 possim
1130 2945 1325 2996 cogere.
1357 2960 1362 2967 =
1427 2928 1602 2998 [mem.

174 2997 341 3066 Atque
360 2999 485 3054 adeo
509 2999 561 3050 in
588 3009 812 3067 tempore
837 3017 1014 3050 eccum
1038 2998 1203 3068 ipsum
1224 2998 1423 3051 obvium
1443 2998 1602 3051 Chre-

2144 165 2216 214 29

1645 296 1702 337 Si.
1719 295 1806 337 Hoc
1817 297 1887 350 ego
1901 311 2018 338 unum
2032 300 2218 348 sciomul·

1646 351 1719 389 lam
1742 351 1934 390 mulierem
1952 355 2135 405 peperisse
2153 353 2222 394 hic.

1646 405 1687 443 in
1705 401 2008 456 domo=G1yeerii.
2054 407 2129 444 Da.
2155 406 2219 446 An

1648 459 1750 496 certo
1773 457 1843 495 seis
1870 458 1983 496 illud?
2023 456 2099 497 Sed
2115 461 2220 510 quic-

1649 510 1738 561 quid
1753 511 1880 558 ,scias‚
1915 519 2039 549 tamen
2075 512 2222 551 ancillae-

1649 563 1810 615 Glyeerii
1837 577 1924 601 mox
1947 564 2134 615 deponent
2162 566 2220 603 in-

1650 615 1788 654 fantem
1799 625 1884 655 ante
1891 617 2027 654 ostium
2037 627 2220 656 nostrum.
2250 616 2256 624 ’

1650 667 1703 713 let
1722 683 1793 721 ego
1814 671 1890 719 jam
1908 683 2008 708 nunc
2036 670 2105 707 tibi
2124 684 2220 724 prae-

1650 722 1746 767 dico,
1777 720 1882 769 here,
1912 721 2049 760 factum
2085 723 2144 769 iri,
2175 732 2222 762 ut

1650 776 1782 813 certior
1793 776 1862 814 sisx
1890 789 1938 813 ne
1951 785 1995 813 tu
2008 774 2080 813 hoc
2091 785 2220 826 postea

1650 827 1747 866 dicas
1765 827 1904 866 factum
1923 842 2002 866 esse
2020 826 2117 867 Davi
2134 842 2220 869 sua·

1650 894 1694 918 su
1726 890 1763 918 et
1798 879 1999 921 fraudibus.
2052 879 2220 925 Omnino

1649 931 1745 970 hane
1789 946 1936 986 ornnem
1971 934 2221 986 suspicionem

1647 994 1751 1024 tuam
1762 987 1784 1023 ὲ.
1797 1000 1857 1024 me
1868 986 2057 1036 depulsam
2066 1000 2146 1025 esse
2153 1001 2220 1027 vo-

1647 1038 1697 1076 lo.
1749 1039 1805 1078 Si.
1833 1037 1945 1077 Unde
1970 1048 2012 1077 tu
2034 1039 2105 1077 scis
2122 1038 2219 1079 hanc

1647 1090 1861 1143 Glycerium
1888 1093 2096 1144 peperisse?
2141 1093 2221 1132 Da.

1647 1143 1784 1183 Audivi
1797 1153 1835 1183 et
1846 1145 1965 1182 credo.
1993 1143 2119 1183 Multa
2129 1158 2219 1191 con«,-

1649 1207 1815 1244 currunt‚
1834 1198 1932 1235 unde
1951 1194 2048 1235 hanc
2072 1198 2219 1249 conjec-

1648 1258 1766 1288 turam
1786 1263 1884 1290 nuue
1901 1249 2018 1288 facio:
2045 1251 2123 1300 jam
2141 1252 2220 1301 pri·-

1647 1304 1751 1342 mum
1769 1301 1850 1340 haee
1867 1316 1906 1340 se
1924 1303 2015 1346 dixit
2035 1304 2218 1354 gravidam

1648 1369 1728 1405 esse
1746 1370 1791 1394 ex
1809 1353 2004 1406 Pamphilo
2019 1371 2028 1393 ι
2061 1355 2135 1394 hoc
2150 1355 2218 1394 fal-

1648 1422 1731 1447 sum
1767 1422 1846 1447 esse
1877 1418 2109 1460 compertum
2148 1419 2218 1448 est.

1648 1475 1748 1500 nune
1758 1471 1950 1513 postquam
1959 1462 2056 1499 videt
2069 1463 2219 1514 nuptias

1647 1515 1812 1566 apparari
1824 1515 1938 1562 domi,
1947 1515 2071 1552 statim
2085 1515 2162 1553 anci
2169 1514 2219 1557 Ila

1648 1569 1758 1606 missa
1783 1575 1842 1606 est
1867 1567 1912 1605 ab
1941 1567 2003 1606 ill&
2028 1567 2216 1619 Glycerio,

1646 1631 1816 1659 vocatum
1835 1620 2070 1659 obstetricem
2094 1621 2140 1659 ad
2158 1621 2172 1660 i
2201 1643 2218 1650 -

1647 1687 1739 1720 sam,
1769 1682 1813 1712 ut
1841 1673 1952 1713 simul
1982 1671 2127 1713 afferret
2190 1674 2219 1712 i-

1646 1740 1759 1775 quem
1767 1740 1923 1779 puerum
1931 1726 2222 1778 supposititium.

1647 1777 1736 1820 Hoc
1753 1781 1823 1818 nisi
1840 1780 1920 1825 fiet,
1938 1788 1976 1818 et
1994 1792 2149 1832 puerum
2166 1779 2220 1819 al-

1646 1831 1763 1871 latum
1792 1833 1924 1878 videas,
1956 1833 2001 1870 ab
2037 1830 2108 1871 illis
2140 1841 2220 1876 tur-

1646 1884 1725 1923 bari
1744 1893 1934 1936 nequeunt
1955 1886 2109 1937 nuptiae.
2128 1922 2132 1926 .
2161 1886 2221 1924 Si.

1647 1936 1750 1981 Quid
1774 1939 1851 1976 ais?
1880 1936 2081 1989 Postquam
2109 1937 2220 1977 intel-

1647 1990 1786 2029 lexeras
1799 2005 1858 2029 eas
1871 1991 1908 2029 id
1918 1991 2060 2031 consilii
2072 2004 2218 2043 capere,

1648 2057 1715 2082 cur
1739 2057 1814 2083 non
1843 2045 1881 2082 id
1905 2044 2005 2082 illico
2025 2041 2221 2095 Pamphilo

1647 2097 1900 2135 renunciasti?
1932 2097 2008 2135 Da.
2037 2095 2133 2140 Quis
2151 2097 2220 2149 igi-

1648 2159 1710 2188 tur
1718 2163 1803 2188 eum
1816 2150 1837 2188 ὲ
1845 2149 2018 2202 Glycerio
2031 2149 2226 2196 abstraxit,

1650 2203 1722 2241 nisi
1731 2216 1799 2255 ego
1810 2203 1824 2240 ?
1844 2201 1945 2241 Nam
1957 2203 2053 2240 certe
2062 2217 2128 2242 nos
2139 2203 2224 2253 qui-

1651 2256 1736 2294 dem
1767 2269 1896 2293 omnes
1926 2257 2075 2301 scimus,
2108 2256 2220 2305 quem

1679 2308 1795 2346 erdite
1831 2309 1891 2346 ille
1927 2307 2023 2347 hanc
2066 2309 2218 2346 amarit:

1695 2374 1769 2399 unc
1798 2362 1867 2399 szbi
1896 2374 2046 2399 uxorem
2074 2370 2224 2412 exoptat

1654 2414 1741 2452 dari.
1794 2412 2000 2460 Postremo,
2018 2414 2066 2455 da
2078 2413 2170 2456 mihi
2186 2414 2223 2455 id
2263 2416 2265 2419 ’

1653 2467 1808 2524 negotii,
1831 2477 1876 2505 ut
1892 2476 2060 2506 caveatur
2082 2466 2105 2505 ὲ
2125 2468 2223 2518 posi-

1649 2520 1750 2558 tione
1766 2521 1871 2571 pueri
1892 2529 1978 2558 ante
2006 2518 2104 2558 fores
2123 2531 2222 2558 tuas:

1649 2582 1695 2610 tu
1734 2582 1858 2611 tamen
1898 2585 2011 2625 perge
2050 2585 2224 2624 apparare

1650 2626 1776 2664 omnia
1791 2625 1837 2663 ad
1856 2626 2017 2676 nuptias,
2043 2634 2088 2663 ut
2110 2624 2221 2663 facis:

1653 2687 1692 2716 et
1717 2677 1755 2716 id
1778 2691 1886 2730 spero
1911 2677 2098 2728 adjuturos
2123 2678 2225 2717 deos.

1651 2731 1709 2768 Si.
1739 2729 1820 2768 Imo
1847 2731 1907 2768 abi
1934 2731 2048 2769 intro:
2082 2729 2135 2769 ibi
2164 2744 2225 2770 me

1654 2793 1839 2834 exspecta,
1863 2793 1901 2822 et
1915 2797 1960 2822 ea
1977 2797 2124 2835 appara,
2140 2797 2225 2834 quae

1653 2838 1816 2888 apparari
1846 2849 1939 2888 opus
1973 2846 2052 2874 est:
2099 2834 2225 2874 Davus

1653 2901 1729 2927 non
1759 2890 1939 2940 persuasit
1970 2887 2077 2935 mihi,
2110 2899 2154 2926 ut
2180 2899 2227 2927 ea

1654 2955 1738 2992 quae
1756 2942 1861 2989 dixit,
1878 2942 2030 2980 omnino
2044 2940 2131 2980 huic
2146 2955 2225 2979 cre-

1655 2994 1798 3032 derem:
1831 3004 1871 3032 et
1902 2993 2056 3033 sortasse
2086 2995 2224 3041 omnia,

1655 3061 1739 3097 qua:
1766 3047 1872 3093 dixit,
1904 3055 1990 3085 sunt
2024 3059 2125 3089 vera3
2163 3046 2228 3086 sed

177 3097 276 3146 parvi
294 3094 366 3134 hoe
391 3096 506 3135 fa’cio:
537 3097 626 3135 illud
650 3106 776 3135 autem
795 3098 962 3135 omnium
985 3096 1134 3148 plurimi
1151 3095 1260 3143 facio,
1279 3097 1378 3147 quod
1396 3096 1489 3135 mihi
1507 3098 1586 3149 ipse
1609 3098 1704 3137 filius
1727 3099 1910 3152 pollicitus
1928 3109 1999 3145 est,
2018 3111 2167 3140 uxorem
2187 3113 2227 3136 se

176 3157 428 3199 accepturum,
446 3163 556 3200 quam
584 3150 720 3188 darem.
774 3149 888 3188 'Nunc
902 3148 1144 3187 Chremetem
1175 3151 1407 3187 conveniam:
1438 3163 1523 3188 eum
1543 3152 1654 3190 orabo
1679 3160 1721 3189 ut
1747 3165 1898 3189 uxorem
1925 3152 2039 3189 filiam
2063 3151 2127 3190 det
2149 3151 2227 3189 filio

176 3212 279 3238 meo:
309 3199 353 3238 Id
379 3202 412 3239 si
438 3203 617 3252 impetro3
646 3203 735 3253 quid
755 3203 879 3240 malim
906 3202 979 3240 alio
1004 3212 1184 3255 tempore,
1203 3204 1313 3252 quinn
1331 3201 1441 3240 hodie
1461 3201 1524 3240 has
1543 3203 1621 3241 fieri
1641 3205 1815 3256 nuptias?
1847 3203 1947 3242 Nam
1970 3217 2044 3242 non
2069 3203 2223 3242 dubium

176 3264 231 3289 est
249 3252 355 3299 mihi,
374 3254 462 3304 quin
484 3254 599 3291 filium
618 3256 753 3306 possim
772 3268 840 3309 pro
857 3255 975 3307 patri-⁹1
993 3263 1176 3305 potestate
1195 3269 1339 3307 cogere,
1359 3257 1390 3293 si
1410 3255 1500 3293 nolit
1518 3266 1704 3309 praestare,
1724 3257 1822 3308 quod
1840 3255 1931 3295 mihi
1951 3256 2139 3309 pollicitus
2157 3265 2225 3294 est.

177 3305 301 3356 Atque
321 3307 430 3343 etiam
448 3312 655 3363 opportune,
675 3320 759 3345 ecce
778 3307 954 3347 Chremes
969 3306 1226 3345 mihiobvidm
1242 3308 1354 3345 venit.

973 3439 1413 3493 ANNOTArloNES.

230 3571 277 3601 82
312 3561 387 3601 Qui
413 3563 651 3614 conjecturam
677 3566 772 3604 hanc
794 3564 1037 3616 nuncfizcim]
1096 3566 1173 3607 Qui
1224 3565 1413 3617 Donatus)
1453 3576 1494 3606 ut
1526 3576 1693 3605 caveatur
1723 3567 1745 3606 h
1780 3569 1963 3621 positione
2003 3571 2108 3621 pueri
2141 3575 2225 3609 ante

174 3629 241 3668 pro
261 3617 458 3666 quomodo,
472 3618 570 3655 unde
590 3627 627 3654 et
642 3631 708 3669 pro
722 3618 894 3655 omnibus
909 3618 1052 3656 casibus
1066 3620 1173 3670 poni·
1225 3621 1375 3659 ostium.
1437 3620 1512 3659 Am
1543 3620 1684 3667 volunt,
1717 3622 1756 3659 id
1782 3620 1874 3660 mihi
1905 3622 1951 3659 da
1979 3624 2141 3675 negotii;
2185 3634 2226 3671 ut

170 3678 251 3715 tur,
266 3669 364 3721 apud
375 3666 546 3707 Plautum
561 3679 671 3721 atque
690 3669 779 3708 alios
794 3671 968 3709 comicos.

224 3729 275 3759 41
316 3722 363 3759 ld
392 3723 483 3760 mila·
514 3723 562 3760 (Ia
592 3721 746 3776 negoti]
816 3721 968 3764 Scilicet
1005 3723 1064 3775 (ut
1092 3723 1171 3763 vult

1222 3672 1391 3718 efficiam,
1412 3675 1485 3723 quo
1502 3670 1714 3724 Pamphilus
1734 3687 1883 3713 uxorem
1898 3673 1997 3712 velit.
