2352 3952
167 206 252 259 xiv

1092 202 1644 261 PROLEGOMENA

576 351 699 406 Quid
721 350 941 401 meretrix,
965 347 1077 410 quid
1099 349 1194 395 leno
1216 348 1333 396 dolis
1352 355 1571 415 cmfingat
1594 349 1769 408 avarus,
1784 368 1795 374 ·

619 418 746 465 ‘Haec
769 417 1011 478 quicunque
1034 413 1157 474 legit,
1182 415 1262 468 sic,
1279 426 1405 475 puto,
1421 430 1574 465 cautus
1597 421 1701 466 erit.

884 518 1172 565 Evaurmus
1197 518 1251 565 de
1279 518 1517 583 Tragoedc'd
1537 533 1578 568 et
1602 523 1854 572 Comoea'id.·

572 609 695 654 Tum
722 620 1025 669 personarum
1050 605 1171 666 leges
1195 605 1324 652 circa
1342 604 1577 664 habitum,
1598 618 1800 669 aetatem,
1820 609 2046 667 officium,
2066 616 2223 674 partes

506 674 689 736 agendi,
713 690 851 718 nomo
874 671 1152 734 ‚diligentius
1187 672 1408 719 Terentio
1443 675 1711 724 custodivit.
1780 677 2054 734 Quinetiam
2089 678 2220 724 solus

506 757 647 788 ausus
672 749 758 796 est,
785 742 891 786 cum
926 740 975 784 in
1013 738 1135 785 fictis
1160 740 1445 802 argumentis
1471 740 1612 786 fidem.
1648 743 1850 792 veritatis
1879 750 2221 807 assequeretur,

505 809 649 854 etiam
675 808 842 854 contra
865 805 1135 869 praescripta
1147 805 1368 863 Comica,
1400 809 1666 854 meretrices
1690 805 1923 858 interdum
1948 827 2041 857 non
2071 812 2224 857 malas

504 874 838 937 introducere:
876 872 1048 935 quibus
1083 882 1256 930 tamen,
1281 889 1385 938 cur*
1405 875 1543 920 bonae
1577 876 1684 932 sint,
1711 886 1758 922 et
1793 869 2007 929 voluntas
2041 894 2124 940 per
2148 878 2218 940 ip-

506 957 612 1004 sum
636 948 684 988 et
723 955 893 987 caussa
926 954 1021 986 non
1058 938 1191 986 desit.
1256 939 1375 987 Haec
1415 940 1527 988 cum
1566 942 1948 990 artificiosissima
1970 945 2218 1000 Terentius

502 1008 670 1055 fecerit
688 1024 702 1068 :v
737 1013 839 1064 tum
863 1005 981 1052 illud
1007 1013 1077 1052 est
1098 1004 1448 1070 admirandum,
1473 1006 1598 1070 quod
1627 1020 1674 1056 et
1707 1006 1888 1056 morem
1925 1007 2132 1070 retinuit,
2167 1021 2219 1069 ut

502 1073 802 1126 Comoediam
826 1071 1068 1130 scriberet,
1091 1082 1138 1119 et
1168 1075 1443 1136 temperavit
1475 1076 1713 1134 affectum,
1746 1093 1804 1123 ne
1842 1077 1888 1123 in
1922 1077 2219 1139 Tragoediam

501 1140 790 1189 transiliret:
829 1140 956 1203 quod
982 1135 1093 1187 cu‘m
1114 1138 1217 1186 aliis
1242 1139 1388 1187 rebus
1403 1140 1596 1188 minime
1619 1144 1865 1190 obtentum
1899 1155 1945 1191 et
1981 1143 2010 1190 a
2035 1143 2223 1202 Plauto,

501 1216 551 1254 et
571 1211 632 1256 ab
653 1206 868 1264 Afrahio,
893 1214 942 1253 et
965 1207 1134 1264 Accio,
1153 1215 1201 1253 et
1218 1207 1380 1254 multis
1403 1209 1496 1255 fere
1516 1211 1693 1272 magnis
1711 1209 1920 1257 Comicis
1944 1211 2219 1259 invenimus.
2270 1242 2273 1250 ι

501 1276 631 1323 Illud
658 1290 851 1337 quoque
873 1274 996 1320 inter
1026 1274 1067 1319 Τ
1069 1273 1333 1321 erentianas
1358 1274 1555 1322 virtutes
1589 1277 1819 1334 mirabile,
1841 1277 1969 1340 quod
2006 1278 2108 1338 ejus
2134 1278 2221 1324 Fa·-

496 1343 634 1389 bulae
656 1357 715 1388 eo
739 1350 850 1388 sunt
874 1349 1264 1403 temperamento,
1289 1349 1344 1388 ut
1368 1357 1519 1405 neque
1541 1352 1869 1391 extumeseant
1890 1345 1948 1390 ad
1991 1345 2217 1407 tragicam

501 1408 848 1465 celsitudinem,
878 1424 1032 1471 neque
1067 1405 1357 1469 abjiciantur
1395 1410 1455 1456 ad
1493 1409 1731 1470 mimicam
1768 1411 2012 1458 vilitatem.
2081 1412 2221 1458 Adde

501 1473 631 1539 quod
655 1475 775 1522 nihil
809 1477 1087 1523 abstrusum<
1102 1476 1164 1531 ab
1188 1491 1246 1520 eo
1281 1476 1502 1538 ponitur3
1539 1487 1624 1523 aut
1647 1477 1774 1539 quod
1806 1481 1866 1524 ab
1892 1477 2126 1525 historicis
2151 1494 2221 1524 re-

501 1543 787 1606 quirendum
819 1541 910 1589 sit:
949 1542 1078 1604 quod
1114 1541 1288 1604 saepius
1323 1542 1525 1590 Plautus
1547 1543 1683 1600 facit,
1707 1553 1754 1590 et
1781 1548 1834 1590 οὸ
1868 1554 1938 1592 est
1973 1545 2222 1592 obscurior

499 1611 549 1657 in
583 1609 798 1673 pluribus
835 1608 969 1655 locis.
1054 1608 1193 1655 Adde
1241 1606 1374 1671 quod¹
1402 1611 1667 1672 argumenti
1703 1626 1761 1657 ac
1795 1611 1905 1674 styli
1941 1611 2008 1662 ita
2038 1612 2220 1660 attente

498 1691 684 1724 memor
718 1685 804 1734 est,
840 1683 893 1722 ut
927 1689 1159 1737 nusquam
1209 1690 1303 1721 non
1348 1677 1526 1724 caverit
1565 1684 1656 1724 aut
1707 1677 1956 1728 curaverit!
1989 1693 2083 1735 ea,
2113 1694 2222 1741 quae

499 1745 663 1790 obesse
696 1750 988 1806 potuerunt:
1024 1752 1125 1788 tum
1162 1742 1287 1804 quod
1323 1743 1479 1789 media
1510 1744 1672 1806 primis
1708 1746 1851 1806 at'que
1883 1746 2137 1807 postremis
2155 1745 2223 1791 ita

497 1809 681 1868 nexuit,
717 1818 772 1857 ut
808 1808 926 1855 nihil
960 1808 1177 1863 additum
1213 1807 1481 1866 altera-scd
1517 1807 1682 1873 aptum
1718 1828 1775 1857 ex
1803 1829 1850 1857 se
1875 1822 2028 1859 totum
2053 1821 2102 1859 et
2125 1827 2222 1860 uno

498 1892 700 1940 corpore
735 1876 953 1922 videatur
989 1890 1086 1921 esse
1127 1875 1463 1936 compositum.
1529 1875 1657 1923 Illud
1698 1894 1887 1940 quoque
1922 1879 2141 1927 mirabile
2174 1879 2222 1926 in

498 1960 557 1991 eo
596 1945 769 2006 primo,
807 1942 937 2004 quod
973 1957 1067 1988 non
1102 1941 1170 1988 ita
1212 1943 1381 1989 miscet
1415 1959 1640 2006 personas
1675 1953 1899 2006 quatuor,
1933 1959 1987 1992 ut
2021 1948 2223 1992 obscura
2294 1976 2299 1981 -

497 2011 560 2058 sit
581 2026 756 2070 ‘carum
792 2008 1051 2056 distinctio.
1136 2008 1199 2056 Et
1245 2009 1389 2066 idem,
1425 2008 1556 2072 quod
1591 2010 1708 2058 nihil
1741 2012 1802 2058 ad
1837 2013 2069 2076 populum
2107 2013 2222 2060 facit

498 2077 730 2135 actorem,
770 2076 900 2123 velut
939 2073 1310 2137 exTragoedia,
1344 2077 1507 2139 loqui:
1566 2078 1695 2140 quod
1733 2078 1899 2127 vitium
1941 2079 2098 2127 Plauti
2133 2079 2222 2126 fre·

499 2144 861 2208 quentissimum
899 2153 986 2205 estff
1072 2142 1200 2189 Illud
1228 2144 1386 2190 >etiam
1423 2144 1546 2191 inter
1587 2154 1762 2192 caetera
1802 2147 1904 2208 ejus
1943 2147 2087 2194 laude
2120 2147 2223 2209 dig-

495 2228 614 2259 num
643 2211 850 2273 videtur,
887 2209 1016 2273 qued
1055 2207 1374 2270 locupletiora
1414 2220 1691 2273 argumenta
1723 2228 1782 2258 ex
1829 2213 2102 2278 duplicibus
2128 2229 2223 2259 -ne-

498 2278 638 2341 gotiis
662 2278 886 2340 delegerit
918 2277 978 2323 ad
1011 2276 1329 2323 scribendum.
1401 2278 1527 2341 Nam
1564 2281 1765 2341 excepta
1806 2281 2007 2344 Hecyra,
2043 2281 2090 2326 in
2125 2278 2222 2344 quii.

498 2346 638 2393 unius
674 2343 919 2408 Pamphili·
948 2359 1082 2390 amor
1115 2345 1202 2402 est,
1239 2345 1425 2391 caeterae
1479 2344 1687 2408 quinque
1724 2346 1856 2394 binos
1890 2348 2221 2395 adolescentu-

495 2414 571 2460 los
606 2414 801 2460 habent.
2213 2431 2224 2438 ·

562 2517 1100 2568 ANNOTATIONES
1135 2517 1178 2566 J,
1213 2519 1373 2566 HEN.
1408 2519 1739 2567 BOECLERI
1776 2519 1851 2567 IN
1884 2520 2155 2568 JUDICIA

933 2584 1266 2633 VETERUM
1306 2587 1396 2633 DE
1430 2586 1789 2635 TERENTIO.
2146 2582 2152 2591 ’

567 2675 632 2721 IN
661 2674 734 2721 his
762 2672 959 2735 judiciis
983 2671 1206 2733 quoedam
1230 2688 1288 2719 ne
1316 2673 1609 2720 absurditate
1634 2674 1822 2737 quidem
1849 2683 2037 2722 carent:
2080 2675 2220 2738 quale

507 2740 698 2787 Volcatii
733 2738 933 2803 Sedigiti
965 2738 1150 2801 pridem
1186 2740 1338 2787 doctis
1372 2741 1520 2787 visum
1564 2749 1650 2788 est.
1720 2733 1958 2804 Elegantia
1994 2743 2219 2797 sermoni-e,

500 2815 543 2852 ct
587 2821 741 2860 mores,
776 2821 1008 2852 consensu
1043 2805 1348 2854 tribuuntur:
1401 2807 1545 2854 etiam
1593 2823 1668 2854 ars
1712 2816 1755 2851 et
1800 2808 1928 2852 metri
1973 2805 2222 2869 diligentia.

498 2869 559 2918 In
590 2873 861 2934 ‘argumentis
895 2872 1009 2934 quid
1047 2873 1199 2919 valeat
1233 2875 1432 2921 subinde
1462 2873 1740 2920 videbimus.
1814 2871 2037 2919 Diximus
2062 2882 2221 2938 autem

501 2944 660 2992 antea,
699 2935 834 2984 aliud
871 2938 1017 3000 vulgi,
1054 2939 1186 2984 aliud
1220 2941 1519 2986 eruditorum
1555 2939 1613 2985 de
1650 2939 1804 2985 Poetis
1831 2938 2073 2999 judicium
2109 2955 2224 2988 ess-c.

502 3002 662 3059 Certe,
689 3004 726 3049 si
752 3004 855 3065 quis
890 3005 1122 3060 attendat,
1147 3005 1341 3052 Horatii
1372 3009 1532 3053 versus
1571 3005 1724 3062 allati,
1761 3006 1885 3068 vulgi
1923 3007 2220 3061 sententiam,

501 3086 596 3117 non
636 3070 798 3132 ipsius,
833 3072 1006 3119 summi
1055 3071 1165 3118 sane
1207 3072 1392 3131 Critici‚
1434 3074 1726 3136 exprimunt.
1799 3072 1928 3129 Quid
1963 3075 2087 3119 enim
2124 3075 2242 3136 ipse>

500 3136 814 3184 admiraretur
857 3139 905 3184 in
956 3139 1171 3202 principe
1212 3139 1533 3202 Comicorum,
1563 3139 1735 3187 ‚noluit
1788 3140 2009 3202 cuiquam
2058 3141 2223 3188 occul·

502 3213 625 3251 tum.
646 3219 759 3251 csse..
845 3205 940 3267 Ipsi
992 3206 1166 3252 eruditi
1201 3212 1384 3253 tantum
1418 3208 1540 3255 inter
1573 3222 1621 3253 se
1668 3222 1762 3252 non
1797 3207 2060 3269 discrepare
2094 3206 2222 3253 vide*
2253 3217 2266 3232 “

500 3273 698 3327 buntur,
723 3270 760 3317 si
795 3269 999 3333 singulos
1031 3273 1319 3330 intueamur,
1358 3275 1473 3336 quin
1506 3274 1648 3322 unius
1681 3281 1729 3319 et
1763 3273 1957 3319 alterius
1992 3274 2223 3321 sententia

501 3346 788 3384 caeterorum
823 3339 1108 3386 auctoritate
1131 3339 1268 3386 obrui
1304 3348 1462 3404 queat.
1533 3342 1608 3387 De
1652 3339 1864 3397 Horatio·
1896 3339 2080 3386 dictum
2119 3350 2218 3388 est:

502 3419 644 3467 quem
680 3420 775 3451 non
826 3404 955 3470 legit,
992 3405 1145 3453 multo
1187 3406 1363 3455 minus
1389 3408 1693 3455 Terentianas
1741 3407 1787 3454 in
1837 3422 1892 3451 co
1939 3406 2222 3457 imitationes

501 3471 783 3524 observavit,
810 3468 888 3534 qui
914 3473 974 3517 ad
1003 3472 1281 3534 interpretes
1310 3474 1395 3521 sibi
1430 3472 1511 3522 hic
1545 3473 1756 3520 eundum
1790 3472 2043 3521 existimat.
2112 3473 2218 3520 Ser-

499 3538 569 3584 vii
594 3538 856 3584 auctoritas
880 3538 999 3585 tanti
1026 3555 1118 3585 non
1142 3546 1229 3596 est,
1268 3549 1324 3588 ut
1354 3541 1462 3587 loco
1492 3539 1684 3588 rationis
1708 3556 1806 3587 esse
1832 3539 2012 3587 debeat.
2083 3539 2219 3585 Non-

499 3618 559 3649 ne
594 3604 720 3650 enim
756 3604 910 3664 multa
942 3613 1068 3664 sunt,
1101 3621 1206 3669 quae
1241 3607 1522 3654 eruditionis
1557 3606 1730 3670 potius,
1766 3606 1911 3669 quam
1940 3603 2113 3668 Judicii
2151 3605 2222 3651 fa-

501 3668 732 3725 cultatem
784 3671 832 3715 in
885 3688 940 3717 eo
993 3673 1324 3721 Grammatico
1377 3677 1640 3721 testantur?
1698 3672 1860 3720 Fabius
1914 3670 2223 3726 Quintilianus

499 3736 643 3798 pleno
678 3737 845 3783 laudat
879 3754 962 3783 ore
985 3739 1275 3798 Terentium,
1299 3740 1385 3788 nisi
1411 3742 1538 3803 quod
1562 3741 1754 3788 incaute
1790 3740 1846 3785 de
1881 3736 2101 3797 trimetris
2136 3737 2219 3783 ad-

499 3802 597 3852 dit:
635 3804 866 3853 rcfutatus
902 3806 1071 3854 merito
1107 3806 1137 3855 a
1176 3805 1374 3868 Georgz‘o
1399 3806 1625 3858 Fabricio,
1694 3804 1947 3867 Caetertim,
1983 3804 2064 3868 qui
2099 3819 2219 3867 pau·

1875 3905 1903 3932 ς.
