2314 3944
176 180 281 228 212

157 314 292 355 'Hunc
332 325 478 369 gestum
509 318 674 363 observa,
710 324 748 353 et

177 370 444 409 vehementiam
465 372 576 422 patris
608 372 647 406 in
674 381 749 406 ser-

175 435 287 461 mone
308 425 386 475 pari
408 422 642 461 vehementia
665 421 750 458 imi-

174 484 267 522 mre,
296 485 334 514 et
365 476 498 513 similia
513 474 621 511 verba
647 473 749 510 simi-

174 528 271 567 libus
293 528 448 578 subjice,
467 540 513 564 ne
531 535 568 564 te
583 526 636 564 irai
657 525 752 563 inci-

174 590 272 619 tatus
312 580 495 618 atrocibus
540 587 578 616 et
615 578 750 630 asperis

174 635 250 671 suis
284 634 391 670 dictis
421 632 621 682 perturbet.
653 631 750 673 ·An.

175 685 365 737 Intelligo.
395 684 463 722 Ge.
487 683 684 736 Responde
712 692 750 722 te

174 739 209 776 vi
227 737 460 788 compulsum
475 736 602 788 alege,
615 737 750 787 judici-

171 790 256 837 bus,
293 799 331 827 et
361 799 494 841 praeter
521 791 749 828 voluntatem

174 856 324 881 uxorem
353 843 519 881 duxisse:
548 857 595 880 an
614 842 751 881 intelli-

171 896 229 947 gis
242 896 273 934 ?'
289 893 445 942 Verum,
458 896 540 946 quis
559 895 621 934 hic
638 908 750 933 senex

171 958 240 995 est,
271 961 383 999 quem
414 949 602 1000 conspicio
633 948 669 985 in
689 962 751 986 ex-

171 1000 289 1040 trema'i
330 1001 460 1053 plateoe
503 1002 632 1051 parte?
675 1001 759 1039 An.

173 1052 281 1093 Pater
295 1055 373 1106 ipse
390 1062 458 1092 est.
495 1052 586 1092 Non
601 1067 750 1107 possum

172 1105 237 1145 hic
270 1120 430 1159 praesens
472 1120 632 1145 manere.
680 1106 749 1144 Ge.

173 1158 259 1198 Ah!
288 1160 378 1210 quid
408 1161 512 1212 agis?
547 1161 621 1211 quo
653 1160 748 1206 abis,

171 1212 370 1264 Antipho?
401 1225 524 1260 mane,
544 1226 663 1258 mane,
692 1213 749 1250 in-

173 1279 298 1315 quam.
325 1266 402 1303 An.
426 1265 589 1318 Egomet
603 1279 663 1303 me
684 1279 750 1302 no-

171 1319 222 1364 vi,
240 1327 280 1356 et
299 1318 444 1370 culpam
467 1333 585 1357 meam
603 1333 611 1356 :
644 1318 752 1356 vobis

173 1372 393 1411 commendo
416 1370 615 1418 Phanium,
631 1382 669 1409 et
696 1372 748 1408 vi-

173 1433 249 1462 tam
269 1438 403 1462 meam.
433 1426 502 1463 Ph.
519 1424 632 1471 Geta,
660 1423 750 1476 quid

155 1490 273 1530 ⁴nunc
304 1476 411 1515 nobis
445 1477 537 1515 fiet?
582 1477 651 1516 Ge.
688 1475 749 1514 Tu

166 1531 245 1578 jam
266 1530 383 1568 verbis
414 1530 555 1568 acerbis
580 1530 750 1581 objurga-

171 1583 290 1622 beris:
337 1595 407 1634 ego
441 1583 605 1635 pendens
640 1583 751 1634 virgis

173 1635 406 1682 verberubor,
444 1636 515 1674 nisi
553 1649 613 1674 me
650 1634 750 1673 valde

171 1687 265 1726 fallit
279 1689 419 1739 opinio.
447 1687 521 1726 Sed
540 1702 623 1739 quae
640 1688 751 1726 modb

171 1740 236 1780 hic
255 1755 322 1779 nos
349 1740 557 1793 Antiphoni
575 1741 752 1793 praecepi-

172 1808 270 1840 mus,
285 1807 328 1832 ea
346 1803 492 1832 nosmet
503 1795 600 1845 ipsos
615 1795 746 1843 exequi

173 1856 332 1898 oportet.
360 1848 430 1885 Ph.
451 1845 567 1885 Mitte
587 1845 657 1884 hoc
670 1860 748 1884 ver-

175 1900 280 1944 bum,
297 1908 466 1951 oportet:
495 1901 619 1950 potius
637 1913 748 1937 mone

174 1953 273 2002 quod
301 1951 394 1991 mihi
426 1952 633 1990 faciendum
669 1965 748 1990 esse

173 2018 320 2051 ceuses3
359 2018 443 2043 nam
475 2014 608 2057 sponte
640 2014 677 2042 et
702 2005 749 2042 li-

173 2058 304 2096 benter
330 2071 373 2095 ea
400 2057 544 2096 faciam.
589 2057 658 2096 Ge.
685 2057 749 2095 Αιι

172 2119 280 2148 tenes
324 2111 501 2149 memoria
541 2123 750 2149 sermonem

173 2177 284 2213 quem
316 2164 404 2202 olim
435 2162 630 2209 habuistis,
663 2164 750 2201 cum

172 2214 269 2254 hane
301 2230 378 2254 rem
410 2217 568 2268 aggressi
595 2215 748 2254 sumus?

779 173 836 225 P.
870 169 1217 224 TERENTH
1254 171 1613 229 PHORMIO.

801 313 944 365 Hem
960 380 967 385 ἱ
983 313 1112 364 istuc
1147 331 1299 377 serva,
1345 323 1396 366 et
1431 315 1638 367 verbum
1680 319 1859 382 verbo,
1887 335 1977 387 par
2017 317 2123 387 pari
2165 327 2227 369 ut

944 385 1258 452 respondem,
1647 409 1653 414 ·
2154 394 2220 440 35

801 456 883 506 Ne
904 456 1006 506 suis
1031 467 1080 506 te
1106 455 1256 506 iratus
1281 453 1548 505 saevidictis
1570 456 1799 524 prote'let.
1834 459 1932 512 An.
1958 459 2079 511 scio.

808 527 902 578 Ge.
942 526 1023 594 Q
1050 536 1281 578 coactum
1321 534 1370 576 te
1414 543 1516 576 esse
1560 527 1792 594 invitum,
1836 531 1967 598 lege,
1998 529 2225 598 judicio:

945 598 1119 657 tenes?
1231 642 1234 646 .
1965 639 1969 643 .

805 668 1041 738 Sed-quis
1064 668 1148 720 hic
1183 678 1256 720 est
1288 686 1455 731 senex,
1481 686 1633 737 quem
1668 669 1813 722 video
1837 669 2094 725 inultima
2116 673 2225 742 pla-

945 740 1062 791 teA?
1105 739 1210 792 An.
1239 740 1371 809 ipsus
1397 750 1483 791 est.
1975 786 1978 789 Α

802 810 923 863 Non
950 817 1154 880 possum
1178 813 1363 863 adesse.
1419 811 1511 861 Ge.
1550 810 1632 874 ab,
1649 810 1778 880 ‘quid
1803 811 1946 880 agis?
1983 815 2083 883 quo
2104 814 2227 879 abis,

946 882 1205 951 Antipho?
1246 901 1412 945 manc,
1694 923 1712 932 .»

804 953 980 1017 Mane,
1023 953 1245 1022 inquam.
1296 960 1392 1005 An.
1431 962 1633 1022 egomet
1670 971 1752 1004 me
1790 953 1923 1018 novi,
1959 963 2012 1005 et
2044 972 2225 1024 pecca·

942 1034 1052 1075 tum
1077 1042 1248 1075 mcum
1270 1046 1282 1077 :
2152 1033 2224 1078 40

802 1095 957 1147 Vobis
982 1097 1284 1147 commendo
1308 1094 1575 1158 Phanium,
1595 1105 1646 1146 et
1669 1096 1824 1147 vitam
1850 1113 2034 1148 meam.

802 1168 903 1219 Ph.
940 1167 1090 1230 Geta,
1108 1166 1229 1236 quid
1254 1184 1390 1218 nunc
1415 1166 1536 1216 fiet?
1569 1167 1660 1218 Ge.
1684 1178 1738 1218 tu
1754 1166 1864 1236 jam
1889 1167 2002 1219 lites
2021 1167 2221 1220 audies:

801 1239 918 1310 Ego
941 1240 1132 1307 plectar
1150 1239 1390 1307 pendens,
1415 1237 1510 1288 nisi
1535 1238 1656 1305 quid
1683 1237 1765 1289 me
1790 1239 2041 1290 fefellerit.
2155 1289 2157 1291 ,

803 1304 1061 1378 Ξὲᾶᾳυοά
1087 1310 1237 1361 modo
1261 1310 1345 1360 hic
1371 1326 1461 1359 nos
1487 1308 1831 1377 Antiphonem
1859 1309 2167 1375 monuimus,

801 1381 860 1432 Id
886 1391 1082 1432 nosmet
1105 1380 1234 1450 ipsos
1253 1382 1417 1432 facere
1442 1388 1654 1447 oportet,
1676 1380 1923 1432 Phaedria.
2153 1386 2221 1432 45

804 1452 907 1505 Ph.
945 1453 1105 1503 Aufer
1147 1451 1291 1516 mihi,
1315 1460 1511 1520 oportet
1533 1471 1544 1500 τ
1585 1451 1708 1519 quin
1748 1461 1820 1515 tu,
1863 1451 1987 1521 quid
2022 1452 2223 1513 faciam,

944 1541 1151 1591 impera.
1766 1535 1768 1537 ’
1830 1572 1833 1573 ⁷
1915 1564 1922 1573 .
2088 1556 2090 1559 >

807 1594 902 1646 Ge.
940 1593 1276 1646 Meministin'
1303 1593 1426 1644 olim
1450 1600 1506 1644 ut
1531 1593 1679 1644 fucrit
1702 1602 1862 1646 vostra
1880 1593 2038 1647 oratio

803 1665 865 1716 In
893 1683 943 1716 re
968 1665 1257 1733 incipienda
1279 1665 1731 1717 addefendendam
1754 1665 1956 1731 noxiam
1976 1666 1998 1716 ἶ

802 1736 1002 1788 Justam
1041 1737 1181 1789 illam
1219 1754 1461 1800 caussam,
1500 1737 1720 1800 facilem,
1743 1736 2055 1801 vincibilem,
2077 1746 2224 1807 optu-

907 1848 909 1851 -
942 1826 1094 1867 mam.
1474 1856 1477 1859 .
1921 1855 1923 1858 .

802 1879 902 1930 ΡΙι.
939 1878 1177 1930 Memini.
1206 1880 1300 1930 Ge.
1325 1879 1463 1943 hem,
1490 1897 1625 1930 nunc
1650 1879 1757 1947 ipsa
1781 1881 1840 1928 e&
1862 1887 1936 1929 est
1957 1896 2097 1947 opus,
2121 1888 2225 1937 aut,

942 1949 983 1999 si
1004 1950 1124 2018 quid
1143 1959 1321 2017 potest,
2153 1953 2223 2000 50

801 2020 1035 2083 Meliore,
1060 2029 1111 2072 et
1135 2020 1406 2071 callidiore.
1444 2019 1551 2072 Ph.
1573 2020 1659 2072 fiet
1682 2021 1870 2073 sedulo.

806 2092 898 2144 Ge.
922 2092 1090 2143 *Nunc
1113 2090 1249 2160 prior
1270 2090 1485 2142 aditooeu
1507 2111 1517 2142 :
1557 2111 1653 2160 ego
1676 2092 1730 2143 iu
1756 2091 1945 2143 insidiis
1962 2090 2049 2143 mc
2067 2109 2153 2143 ero

804 2161 1231 2225 SuccenturiatuS,
1253 2162 1294 2213 si
1320 2161 1442 2232 quid
1461 2161 1678 2215 deficieS.
1715 2162 1820 2216 Ph.
1842 2180 1952 2231 age.

175 2281 310 2320 nempe
324 2268 574 2308 defensionem
593 2269 708 2314 illam,
722 2282 832 2319 quam
852 2270 1059 2307 invenimus
1086 2269 1131 2307 ad
1145 2268 1288 2320 culpam
1309 2267 1566 2312 excusandam,
1581 2281 1659 2305 esse
1675 2266 1835 2313 facilem,
1845 2267 2003 2325 justam,
2017 2266 2063 2304 ad
2075 2268 2224 2306 vincen-

173 2321 264 2359 dum
282 2321 466 2368 idoneam,
485 2331 523 2360 et
540 2323 752 2373 speciosam.

805 2323 876 2361 Pla.
903 2321 1091 2360 Memoris
1116 2330 1239 2359 teneo.
1296 2320 1365 2359 Ge.
1393 2319 1509 2366 Hem,
1528 2333 1628 2358 nunc
1655 2321 1699 2359 ea
1725 2321 1905 2359 utendum
1932 2319 2038 2358 nobis
2061 2331 2132 2367 est,
2159 2331 2222 2359 aut

175 2375 208 2411 si
235 2374 312 2412 fieri
339 2383 463 2426 potest
489 2375 559 2414 alia
585 2373 794 2420 solertiore,
818 2383 855 2412 et
879 2376 1068 2421 astutior-e.
1121 2375 1192 2412 Ph.
1218 2373 1433 2425 Diligenter
1453 2374 1489 2411 id
1517 2372 1751 2412 studendum.
1806 2373 1875 2414 Ge.
1901 2372 2017 2411 Nunc
2046 2381 2089 2411 tu
2124 2373 2223 2424 prior

174 2435 343 2477 patruum
361 2425 639 2481 Demiphonem
657 2428 873 2480 aggredere:
901 2441 972 2482 ego
993 2428 1033 2466 in
1052 2427 1193 2466 insidiis
1211 2425 1274 2466 hic
1293 2425 1490 2468 subsidebo
1509 2427 1693 2480 suppetias
1710 2426 1861 2475 laturus,
1879 2427 1911 2465 si
1930 2425 2022 2464 vires
2040 2425 2222 2464 deficient.

177 2480 245 2518 ΡΙι.
272 2477 356 2531 Eja,
372 2493 452 2533 age.

644 2641 1042 2772 AcTUs
1093 2698 1158 2766 Ι..
1252 2696 1672 2766 SCENA
1720 2697 1807 2767 v.

653 2897 1026 2951 DEMIPHO.
1099 2897 1313 2951 GETA.
1382 2895 1747 2949 PHAEDRIA.

228 3055 300 3094 De.
322 3052 439 3099 ,Itane
469 3051 639 3111 Antipho
667 3062 748 3092 tan-

174 3107 260 3147 dem
291 3108 439 3159 nuptias
467 3107 659 3152 contraxit,
688 3119 748 3143 me

175 3174 254 3199 non
281 3159 463 3210 jubente?
493 3172 561 3197 nec
587 3169 749 3210 potesta-

175 3222 253 3252 tem
282 3213 436 3264 patriam
467 3212 642 3250 reveritus
666 3223 744 3258 est3

174 3266 240 3304 sed
262 3274 367 3303 taceo
384 3264 478 3303 hanc
504 3274 746 3316 potestatem;

176 3331 245 3356 nec
289 3318 418 3356 saltem
457 3318 747 3366 indignationem

175 3383 295 3408 meam
313 3370 435 3408 subire
452 3370 657 3408 dubitavit?
680 3384 748 3422 pu-

177 3422 263 3460 dore
280 3437 354 3460 non
365 3423 488 3462 affici?
518 3425 542 3462 ὀ
556 3423 747 3473 inceptum

174 3484 213 3513 et
258 3475 400 3522 factum,
430 3476 682 3514 temerarium!
724 3478 748 3514 ὁ

174 3526 273 3565 Geta
299 3537 515 3598 praeceptor,
533 3537 572 3567 et
596 3530 746 3567 auctor!

177 3579 246 3617 Ge.
287 3578 388 3617 lene
410 3583 482 3618 mei
514 3581 651 3619 oblitus
679 3590 747 3626 est,

176 3631 240 3669 sed
267 3632 414 3669 tandem
443 3634 627 3671 meminit.
678 3634 748 3672 De-

799 3051 902 3104 De.
940 3040 1111 3103 ΙΨᾸΝΕ
1136 3052 1341 3104 tandem
1367 3067 1575 3122 uxorem
1601 3048 1742 3102 duxit
1778 3045 2003 3117 Antipho
2032 3045 2219 3117 injussu

943 3125 1094 3174 meo?
1511 3137 1515 3142 ’
2031 3130 2037 3137 ’

800 3193 915 3244 Nec
940 3212 1112 3245 meum
1139 3193 1425 3263 imperium,
1448 3209 1508 3244 ac
1534 3184 1680 3243 mitto
1714 3188 1999 3258 imperium,
2025 3206 2128 3242 non
2151 3187 2217 3240 si-

912 3328 916 3332 ·
941 3267 1204 3315 multatem
1230 3281 1396 3315 meam
1799 3275 1804 3281 ·

800 3330 1035 3401 Revereri
1071 3335 1285 3386 saltem?
1325 3351 1428 3386 non
1462 3334 1687 3405 pudere?
1727 3331 1920 3386 faCInus
1958 3327 2148 3384 audax!
2186 3329 2219 3383 ὁ

944 3406 1075 3457 Geta

801 3476 1056 3529 Monitor!
1099 3477 1191 3528 Ge.
1227 3475 1310 3527 vix
1332 3476 1552 3529 tandem.
1591 3477 1691 3530 De.
1718 3475 1840 3545 quid
1857 3473 1987 3527 mihi
2009 3471 2215 3526 dicent?

943 3556 1031 3602 aut
1054 3565 1210 3619 quam
1237 3565 1439 3599 causam
1463 3548 1750 3618 reperient?
1873 3551 1876 3554 ’
1968 3570 1972 3573 ·

173 3684 276 3728 Quid
295 3682 386 3722 mihi
402 3683 552 3725 dicent?
582 3694 647 3726 aut
659 3699 771 3740 quam
789 3687 1061 3727 excusationem
1076 3694 1275 3740 praetexere
1290 3693 1480 3740 poterunt,
1494 3686 1526 3739 si
1545 3699 1584 3726 se
1601 3698 1756 3740 purgare
1769 3685 1893 3742 conati
1907 3680 2070 3726 fuerint?
2089 3677 2221 3720 dubito

172 3736 287 3786 valde,
303 3737 390 3789 quid
407 3739 519 3776 acturi
538 3738 627 3778 sint.
