2314 3944
372 0 410 18 Ἡ·

101 146 213 195 152·

95 284 211 324 filiam
254 297 375 324 meam
420 282 671 336 Antiphilam,

95 343 141 375 ut'
172 339 223 376 sit
253 338 324 376 tibi
358 350 492 383 nurus3
540 347 577 372 et
609 347 674 372 cur

96 404 174 430 non
208 391 386 441 approbas
429 399 466 426 et
507 388 671 425 admittis

96 457 180 482 eam
198 444 322 481 dotem
338 455 449 494 quam
468 442 568 478 dixi?
609 440 673 476 So.

98 496 152 543 Ο,
171 497 223 535 mi
251 492 466 545 conjuxan
494 493 605 531 facias
623 492 675 538 id,

95 549 332 588 exhaeredans
366 548 496 591 filium,
524 555 562 582 te
590 559 672 596 pre-

49 610 54 620 ⁴
96 617 173 641 cor.
231 601 290 640 Gt.
318 598 674 650 Opater‚tibisup-

94 656 194 708 plico
213 664 256 692 ut
283 652 375 690 mihi
406 665 541 703 parcas.
595 651 674 688 Me.

96 708 134 747 O
156 707 332 751 Chreme,
361 718 470 756 parce
494 703 562 749 illl,
591 717 674 754 per-

93 763 203 803 mitte
236 769 280 797 ut
315 759 488 810 precibus
521 757 558 794 id
588 755 609 794 a
637 766 674 794 te

94 812 282 865 impetret.
341 811 409 851 Ch.
439 809 495 848 Ut
521 823 592 862 ego
611 809 676 846 do-

96 880 183 905 nem
230 878 313 907 mea
353 862 452 901 bona
492 863 675 901 meretrici

96 917 277 957 Bacchidi
334 918 464 962 sciens,
507 916 672 958 sidens?

96 971 189 1011 Non
219 972 366 1009 faciam.
420 971 500 1007 Me.
528 968 581 1007 At
609 981 675 1007 nos

95 1039 172 1063 non
216 1024 473 1076 permittemus
513 1035 676 1073 quoque.

99 1079 162 1117 Cb.
188 1077 224 1116 O
260 1086 377 1128 pater,
413 1077 458 1113 da
490 1074 584 1112 mihi
612 1087 673 1112 ve-

96 1132 214 1177 niam,
259 1132 290 1168 si
338 1130 392 1166 vis
433 1127 526 1166 mihi
561 1128 673 1165 vitam

95 1184 254 1236 amplius
268 1195 472 1234 superesse.
496 1182 558 1220 So.
573 1180 672 1232 Age,

94 1235 276 1276 Chremes
295 1237 362 1280 mi,
386 1234 444 1272 fac
462 1234 563 1286 quod
578 1235 673 1286 peti-

96 1300 170 1329 tur.
237 1291 317 1328 M'e.
343 1287 382 1326 Ο
408 1286 585 1334 Chreme,
618 1288 674 1339 ig-

94 1356 231 1389 nosce3
262 1341 338 1380 noli
358 1351 398 1379 te
415 1351 491 1379 tam
509 1340 673 1379 obstina-

95 1405 179 1435 tum
210 1395 414 1434 ostendere.
472 1394 541 1432 Ch.
568 1392 676 1436 Quid

93 1448 170 1490 hoc
205 1449 277 1487 sibi
305 1447 415 1486 vult?
449 1446 570 1485 Video
599 1460 676 1484 non

94 1501 190 1542 mihi
215 1502 381 1553 permitti
404 1488 580 1553 peificere
603 1498 675 1537 hoc

95 1556 196 1607 quod
215 1556 438 1606 inceperam.
493 1554 573 1591 Me.
605 1551 675 1591 Fa-

94 1611 163 1655 cis,
185 1617 227 1646 ut
257 1609 329 1646 tibi
361 1608 546 1645 convenit.
605 1605 675 1644 Ch.

94 1661 155 1702 ΕΑ
168 1661 382 1707 conditione
396 1661 585 1712 ignoscam
597 1658 676 1698 Cli-

92 1713 267 1767 tiphoni;
295 1715 328 1751 si
347 1723 552 1764 exequatur
574 1713 675 1764 quod

94 1781 166 1819 ego
176 1768 333 1806 arbitror
338 1767 484 1816 justum
496 1779 575 1805 esse
586 1779 672 1804 eum

95 1823 242 1873 exequi.
316 1820 376 1859 CL.
401 1817 439 1857 O
470 1830 585 1871 pater,
619 1818 674 1856 sa-

96 1875 192 1914 ciam
218 1874 364 1912 omnia:
395 1873 547 1924 impera.
605 1871 676 1911 Ch.

89 1935 238 1979 mpero,
272 1935 316 1964 ut
350 1926 468 1965 ducas
498 1939 667 1964 uxorem.

99 1981 162 2020 Οἱ.
191 1979 227 2018 O
247 1989 363 2033 pater.
421 1978 493 2017 Ch.
521 1977 676 2016 Nullam

98 2033 377 2072 excusationem
409 2032 531 2070 audio.
597 2030 677 2070 Me.

98 2086 197 2125 Rem
233 2084 272 2125 in
309 2099 370 2124 me
410 2086 563 2138 recipio,
598 2083 677 2122 Cli-

97 2139 295 2192 tiphonem
341 2139 540 2189 ducturum
586 2151 679 2176 uxo-

98 2205 190 2235 rem.
236 2193 305 2231 Ch.
324 2190 435 2229 Nihil
452 2192 678 2241 responden-

98 2255 176 2284 tem
191 2246 301 2284 audio
319 2246 455 2296 ipsum.
505 2243 566 2283 Ct.
580 2243 678 2283 Nul-

98 2299 158 2338 lus
173 2312 269 2340 sum.
296 2299 360 2336 So.
377 2297 413 2335 O
427 2295 611 2349 Clitipho,
630 2310 676 2335 an

52 2376 54 2381 ·
98 2353 234 2391 vereris
278 2348 430 2389 uxorem
480 2352 674 2403 accipere?

100 2405 172 2445 Ch.
185 2402 290 2447 Quin
304 2405 351 2443 ab
365 2417 411 2442 eo
422 2405 677 2456 quaerendum,

97 2460 222 2497 utrinn
270 2470 426 2496 uxorem
475 2457 565 2495 velit
612 2457 680 2494 du-

97 2524 196 2557 cere,
214 2518 364 2549 pectre.

102 2722 200 2762 ficile
217 2732 274 2760 est
292 2724 342 2770 ei,
370 2724 433 2774 qui
452 2723 679 2761 matrimonii

101 2778 256 2828 ignarus
298 2786 378 2814 est:
425 2776 489 2814 sed
533 2786 681 2827 postea-

101 2842 215 2881 quam
244 2829 415 2880 cognoris
432 2829 521 2880 quid
539 2830 602 2876 sit,
628 2828 681 2866 fa-

102 2882 175 2920 cile
224 2891 261 2919 et
296 2891 442 2932 gratum
485 2882 555 2919 tibi
602 2883 679 2921 fiet.

105 2935 168 2974 Oc.
195 2932 358 2997 Faciam,
390 2943 508 2986 pater,
540 2942 583 2971 ut
615 2935 682 2972 vis.

102 2985 683 3091 {5130F2221‘223e15'52353330323
736 2999 870 3055 Quae
909 3002 1026 3051 mea
1059 3002 1208 3051 causa
1249 2998 1385 3052 fecit-

100 3103 254 3132 ‚nustam
297 3106 408 3144 quam
458 3101 501 3131 tu
551 3094 684 3144 cupide

103 3160 221 3192 ames,
274 3145 388 3185 filiam
445 3145 685 3184 Phanocrata-

437 2511 517 2548 Me.
553 2509 681 2548 Faciet

98 2566 226 2602 omnia
249 2577 335 2615 quoe
351 2563 562 2615 imperabis.
616 2564 681 2603 So.

99 2617 311 2656 Consilium
329 2630 461 2669 capere
477 2617 523 2654 de
543 2617 683 2654 ducen-

101 2671 149 2709 da
174 2683 304 2716 uxore,
333 2671 371 2708 in
400 2671 584 2722 principio
610 2669 681 2708 dif-

419 140 475 193 P.
511 139 858 193 TERENTII
895 135 1826 194 HEAUTONTIMORUMENOS.

727 278 931 342 Filiam,
957 288 1006 329 et
1028 279 1163 347 quod
1190 278 1318 342 dotis
1336 279 1691 346 dixiffirmas?
1769 282 1863 335 So.
1897 283 1972 337 mi
1994 282 2088 349 vir,
2104 284 2163 337 te

870 352 1078 401 obsecro
1885 379 1894 386 ’

726 421 808 473 Ne
834 421 1002 475 faciaS.
1062 421 1137 472 Cl.
1163 430 1320 490 pater,
1345 422 1552 473 obsecro
1574 430 1631 473 ut
1658 426 1736 475 mi
1769 426 2013 496 ignoscam
2049 426 2168 479 Me.

872 493 935 544 da
962 492 1176 556 veniam,
1202 492 1420 544 Chreme
1444 510 1455 543 :
2122 504 2157 551 5

728 563 851 618 Sine
872 575 922 616 te
948 574 1137 616 exoret.
1216 563 1311 617 Ch.
1338 563 1485 632 egon'
1510 581 1627 615 mea
1646 565 1782 619 bona
1802 578 1861 620 ut
1881 570 1998 622 dem
2023 569 2161 626 Bae-

873 635 1011 689 chidi
1035 637 1167 687 dono
1191 636 1387 687 sciens?
1483 655 1485 657 ·

726 706 845 759 Non
870 706 1070 789 faciam.
1146 709 1253 760 Me.
1297 719 1348 759 at
1373 707 1425 760 id
1448 725 1534 759 nos
1558 727 1660 761 non
1692 708 1954 765 sinemus.‘
2007 712 2083 765 el.
2117 711 2165 764 si

870 795 955 830 me
979 797 1151 830 vivum
1179 779 1268 843 viS,
1293 790 1449 846 pater,
1896 828 1902 837 ,

728 850 960 918 Ignosce.
1037 849 1255 918 Saage,
1281 852 1524 902 Chremes
1549 851 1640 904 mi.
1700 852 1809 905 Me.
1845 869 2165 924 age,quaeso,

871 939 937 972 ne
956 933 1060 974 tam
1084 921 1295 973 obfirma
1319 932 1386 986 te,
1412 923 1649 974 Chreme.
1958 914 1962 925 ’

735 993 825 1046 Ch.
867 992 1008 1048 Quid
1046 994 1209 1047 istuc?
1249 992 1394 1045 video
1434 1012 1537 1046 non
1580 995 1753 1059 licere,

871 1064 968 1115 hoc
990 1065 1301 1133 pertendere.

726 1134 841 1188 Me.
878 1136 1039 1200 Facis,
1076 1146 1134 1188 ut
1169 1146 1220 1188 te
1257 1137 1420 1188 decet.

869 1207 1086 1272 faciam3
1123 1208 1163 1260 si
1189 1208 1309 1260 facit
1333 1208 1404 1272 id,

727 1279 880 1334 Quod
906 1296 1005 1347 ego,
1025 1280 1163 1332 hunc
1183 1297 1387 1348 aequom
1410 1298 1606 1332 censeO.

870 1351 1085 1403 faciam:
1126 1351 1335 1420 impera.

733 1421 840 1487 Ch..
864 1421 1088 1474 Uxorem
1116 1433 1174 1474 ut
1197 1423 1366 1476 ducas,
1415 1422 1490 1476 CC.
1516 1431 1678 1493 pater.
1719 1420 1814 1477 Ch.
1838 1421 1970 1474 nihil
1993 1421 2165 1475 audica

870 1493 975 1545 ‚Me
1003 1495 1067 1546 ad
1088 1513 1170 1546 me
1190 1494 1379 1562 recipio
1397 1514 1412 1558 3
1707 1494 1710 1498 ’

728 1565 920 1618 Faciet.
1015 1567 1101 1618 Cla.
1142 1566 1217 1619 nil
1256 1567 1408 1617 etiam
1447 1567 1599 1619 audio
1637 1566 1823 1635 ipsum.
1902 1561 1984 1618 CI.
2019 1563 2166 1637 perii.

875 1635 965 1691 So.
1000 1656 1065 1690 an
1092 1638 1305 1701 dubitaS,
1329 1637 1591 1707 Clitipho?
2084 1674 2088 1680 -
2164 1667 2167 1675 =

732 1707 823 1761 Ch.
863 1708 976 1761 Imo
1002 1720 1168 1761 utrum
1190 1710 1325 1761 vult?
1366 1710 1473 1762 Me.
1495 1710 1646 1762 faciet
1670 1709 1858 1762 omn-ia.
1917 1708 2008 1763 Sos
2034 1709 2158 1777 haec·‚

871 1783 992 1833 dum
1009 1782 1239 1852 ἑηοῲὶαε,
1263 1782 1448 1850 gravia
1471 1789 1604 1846 sunt,
2161 1784 2166 1788 “

727 1853 970 1922 Dumque
993 1854 1223 1922 ignores:
1256 1854 1342 1904 ubi
1362 1850 1606 1921 cogn6ris‚
1609 1851 1818 1919 facilia.
1859 1850 1937 1905 CI.
1962 1850 2163 1915 faciam,

910 1935 1034 1976 ater.
1724 1954 1730 1960 ·
2098 1929 2168 1974 15

734 1997 822 2050 So.
860 1943 995 2048 {iate
1032 1995 1122 2061 mi,
1164 2014 1259 2066 ego
1301 1998 1387 2066 pol
1430 1996 1524 2048 tibi
1560 1995 1695 2049 >dabo
1738 1995 1882 2047 illam
1922 1993 2164 2064 lepidam,

855 2086 1028 2137 ,qua-m
1051 2077 1112 2118 tu
1127 2068 1276 2119 facile
1300 2086 1456 2132 ameS,
1552 2059 1558 2081 *
1579 2071 1581 2074 ’

1795 961 2165 1065 newa„

1521 1134 1615 1189 Ch.
1657 1139 1719 1189 ea
1753 1140 1866 1208 lege
1901 1137 2000 1190 hoc
2037 1120 2169 1189 adeo

1687 1277 1769 1334 Cl.
1804 1290 1964 1350 pater,
1988 1213 2167 1332 οῐῐιηΙίἓ

732 2139 923 2222 Filiam
942 2139 1270 2193 Phanocratae
1288 2138 1460 2193 nostri.
1536 2137 1628 2192 Ch
1639 2140 1874 2192 nufimme
1893 2135 2036 2191 illam
2058 2135 2171 2188 vir·-

874 2228 1066 2280 gmem,
1948 2243 1955 2245 <
2170 2275 2175 2279 .

732 2283 966 2348 Caesiam,
1006 2300 1182 2353 sparso.
1211 2300 1317 2349 ore,
1355 2283 1555 2335 adunco
1596 2281 1757 2345 naso?
1794 2297 1904 2333 non·
1941 2297 2169 2351 possum,

873 2365 1029 2423 pater.

739 2424 830 2479 Ch.
866 2425 982 2493 Eia,
1007 2434 1066 2478 ut·
1088 2428 1289 2496 elegans
1314 2425 1419 2478 est!
1472 2424 1643 2478 credas
1667 2423 1899 2476 animum
1922 2421 1996 2475 ibi
2020 2439 2126 2474 esse
2143 2421 2170 2474 ἓ

880 2497 969 2551 So,
1006 2498 1158 2550 aliam
1185 2499 1331 2552 dabo·

740 2568 818 2623 CI.
855 2570 999 2626 Quid
1036 2570 1195 2626 istuc?
1236 2568 1644 2640 quandoquidem
1665 2565 1898 2620 ducenda
1920 2575 2023 2632 est,
2045 2583 2169 2637 ego-

876 2651 983 2694 met
1006 2641 1170 2694 habeo
1193 2641 1576 2712 propemodum,
2006 2639 2008 2641 ’
2092 2641 2173 2689 20

735 2714 906 2770 Quam
945 2715 1074 2765 volo·
1170 2713 1256 2766 So.
1314 2730 1452 2764 nunc
1501 2711 1654 2764 laudo
1699 2720 1768 2777 te,
1815 2717 1988 2780 gnate.
2046 2732 2050 2734 ’
2085 2707 2168 2760 Cl.

877 2784 1181 2837 Archonidis
1203 2785 1381 2837 filiam.
2101 2829 2104 2832 .

739 2856 827 2910 Se.
868 2855 1148 2926 Perplacet.
1228 2849 1302 2909 CL
1338 2865 1495 2925 pater,
1531 2855 1630 2907 hoc
1656 2871 1794 2906 nunc
1827 2859 1994 2905 restat.
2073 2848 2167 2906 Ch.

878 2927 1039 2998 quid?
1120 2928 1198 2981 CI.
1237 2928 1364 2997 Syro
1383 2928 1611 2997 ignoscas
1634 2925 1765 2990 volo,
1821 2947 1824 2954 ·

1461 2997 1552 3051 Ch.
1587 2997 1694 3050 fiat.
1765 3000 1816 3045 Ω
1852 2994 1955 3047 Vos
1987 2995 2167 3061 valete,

880 3080 932 3121 et
954 3070 1196 3139 plaudite.

1145 3169 1173 3189 ,κ
1210 3174 1218 3193 7
1238 3175 1249 3190 ,
1423 3185 1446 3197 ω
1471 3175 1474 3177 .

104 3201 221 3238 nostri
241 3198 366 3237 vicini.
424 3199 483 3238 Cl.
510 3197 678 3238 Dabisne
696 3199 796 3238 illam
823 3200 984 3251 puellam
1006 3199 1143 3246 rfifum,
1163 3187 1302 3252 glauE‘is
1318 3194 1699 3252 oedllsffentiginosst
1716 3196 1824 3242 facie,
1849 3209 1940 3234 naso
1958 3197 2112 3235 incurvo
2126 3206 2165 3235 et

105 3252 269 3292 inflexo?
299 3251 336 3290 O
354 3261 470 3303 pater,
482 3265 557 3290 non
576 3265 724 3303 possum
739 3267 819 3290 eam
834 3253 979 3291 ducere.
1029 3253 1098 3292 Ch.
1113 3252 1199 3302 Eja,
1215 3252 1326 3344 (fixam
1343 3251 1511 3289 curiosus
1531 3262 1570 3289 et
1586 3250 1764 3288 delicatus
1780 3258 1836 3286 est
1855 3248 1982 3288 in'hoc
1997 3250 2166 3293 delectu}

45 3330 47 3333 .
105 3318 153 3343 an
171 3314 281 3357 putes
299 3305 378 3355 ejus
396 3307 562 3344 animum
576 3317 655 3343 esse
682 3307 721 3343 in
748 3318 862 3344 uxore
880 3305 1074 3344 ducenda?

1130 3307 1195 3345 So.
1263 3304 1335 3342 ab'o
1351 3303 1459 3342 aliam
1479 3300 1562 3342 tibi.
1621 3303 1680 3343 Cz.
1707 3301 1814 3346 Quid
1834 3311 1980 3341 tantum
1999 3301 2169 3341 laboran-

105 3359 194 3396 dum
210 3358 292 3396 est?
324 3359 424 3396 certe
440 3359 616 3409 quoniam
631 3371 782 3397 necesse
801 3370 858 3396 est
871 3372 932 3397 me
951 3371 1101 3397 uxorem
1120 3359 1270 3403 ducere,
1286 3369 1355 3407 ego
1375 3357 1498 3394 inveni
1517 3355 1593 3394 fere
1611 3356 1711 3407 quod
1727 3357 1917 3406 quaeritur.
1967 3355 2034 3394 So.
2050 3353 2087 3392 O
2098 3355 2169 3402 fili,

85 3401 208 3449 'nunc
226 3410 336 3449 laudo
363 3419 413 3448 te.
471 3408 532 3450 Cl-
557 3409 708 3450 Gratam
736 3410 857 3450 habeo
886 3411 998 3459 filiam
1025 3409 1250 3449 Archonidis
1274 3407 1399 3461 hujus.
1452 3409 1516 3448 So.
1544 3407 1660 3448 Valde

105 3472 225 3515 pater,
258 3475 359 3502 nunc
387 3477 507 3502 unum
536 3464 719 3516 reliquum
750 3472 820 3503 est.
879 3461 948 3503 Gh.
976 3461 1166 3506 Quidnam
1193 3462 1318 3502 istud?

1750 3416 1789 3446 ta
1806 3416 1863 3446 est
1880 3406 1987 3447 mihi.

1378 3461 1440 3501 Cl.
1467 3460 1580 3510 Volo,
1608 3473 1652 3500 ut
1708 3474 1775 3514 yro
1790 3460 1977 3500 condones
1994 3459 2168 3506 offensas,

105 3528 197 3567 quas
214 3516 301 3554 inte
314 3517 386 3554 mei
405 3517 514 3557 causa
531 3515 635 3557 fecit,
692 3517 762 3558 Ch.
790 3515 890 3568 Fiat,
909 3514 1123 3571 ignoscafur
1140 3517 1190 3556 ei.
1243 3523 1280 3555 Ω.
1307 3514 1385 3555 Vos
1404 3525 1629 3570 spectatores
1646 3513 1774 3563 valete,
1794 3523 1835 3554 et
1850 3513 2026 3568 plaudite.
2081 3511 2171 3552 Gaz-

103 3569 238 3622 liopius
254 3571 426 3610 recensui.

2045 3406 2103 3446 cc.
2130 3406 2171 3448 ο
2248 3396 2253 3402 ’
