2314 3944
125 139 225 187 120

119 276 195 315 Cli.
211 274 404 316 Permitto.
421 277 491 331 Sy.
507 277 565 318 Ita
581 293 621 317 se
633 291 690 318 res

114 342 218 368 nunc
233 328 359 378 habet,
373 333 477 386 quasi
495 333 595 370 cum.
617 332 690 370 cci.

113 381 235 429 Quas,
253 384 279 422 ό
308 383 465 422 malum!
495 385 688 422 verborum

110 433 351 475 circuitiones
371 437 502 488 incipit
520 435 613 475 mihi
631 449 690 474 re·-

112 486 257 528 citare?
299 489 359 528 Cc.
384 488 421 527 Ο
450 488 556 541 Syre,
582 487 691 527 Cliti-

109 539 190 593 pho
210 575 211 579 ,
233 555 360 580 verum
400 542 515 581 dicit:
555 543 689 580 omitte

110 595 185 632 ista
198 602 272 632 tam
293 594 402 645 longa
430 596 608 635 sermonis
632 596 688 633 di-

110 647 289 685 verticula
306 661 314 689 ;
342 656 522 686 revertere
540 649 586 686 ad
602 661 688 700 pro-

109 701 287 751 positum.
340 699 410 752 Sy.
454 699 565 743 Certe
609 715 686 739 non

107 765 260 804 possum
279 755 484 799 continere,
510 754 603 803 quin
630 755 687 792 di-

107 817 189 842 cam
218 805 316 856 quod
350 807 491 849 sentio:
520 804 687 858 Clitipho

108 866 166 895 est
180 858 329 909 iniquus
349 867 385 896 et
398 859 576 898 molestus
591 861 687 898 mul-

107 911 158 947 tis
184 910 230 948 de
261 912 392 958 causis,
421 922 532 963 atque
551 913 686 952 intole-

107 963 244 1002 rabssis.
301 963 363 1002 Cl.
394 962 617 1004 Mehercule
643 980 684 1004 o-

105 1025 232 1068 portet
261 1016 368 1055 illum
376 1015 523 1057 ‘audire.
575 1018 685 1057 Cliti-

105 1069 199 1121 pho,
231 1070 310 1108 sile.
363 1070 433 1122 Sy.
461 1070 529 1121 Vis
545 1081 685 1111 amator

103 1135 206 1160 esse:
235 1124 289 1160 vis
308 1136 460 1176 compos
486 1137 566 1163 esse
591 1127 686 1166 ami-

105 1189 183 1214 cae:
224 1177 275 1212 vis
305 1178 422 1228 quaeri
454 1187 493 1216 et
525 1178 686 1217 inveniri

102 1241 190 1279 quae
222 1228 277 1267 illi
303 1230 432 1278 dones,
458 1231 602 1270 nulium
629 1232 684 1269 vis

104 1281 230 1320 subire
247 1282 467 1334 periculum,
483 1295 529 1322 ut
552 1283 683 1322 fruaris

103 1335 244 1386 amica:
285 1349 362 1374 non
407 1337 534 1388 inepte
564 1339 660 1388 sapis
669 1353 680 1384 ς

101 1388 133 1430 si
163 1401 291 1440 sapere
322 1396 392 1436 est,
420 1389 515 1428 velle
535 1391 682 1428 evenire

101 1441 203 1494 quod
218 1455 294 1479 non
312 1450 449 1493 potest.
502 1442 582 1481 Aut
615 1455 683 1499 pe-

102 1491 220 1532 ricula
238 1495 332 1532 susci
364 1496 472 1534 ienda
489 1505 577 1538 sunt
593 1508 679 1534 cum

98 1544 161 1585 his
177 1509 400 1597 commodi33
421 1557 486 1586 aut
502 1549 565 1587 ina
577 1562 680 1588 com-

99 1601 210 1638 moda
228 1610 315 1638 sunt
333 1601 573 1653 relinquenda
593 1615 678 1641 cum

99 1653 288 1705 periculis.
342 1652 457 1692 Nunc
491 1656 613 1707 cogita
639 1664 682 1695 et

98 1706 262 1744 delibera
284 1715 404 1753 utram
431 1706 562 1746 harum
589 1720 679 1746 con-

98 1758 284 1799 ditionum
347 1770 552 1812 praeoptas;
615 1771 680 1801 aut

99 1825 185 1850 cum
212 1812 330 1853 amica
364 1814 570 1867 periculum
598 1828 680 1858 sus-

99 1867 242 1917 cipere3
292 1875 355 1903 aut
391 1880 477 1917 ¹eam
511 1881 679 1906 recusare

98 1918 176 1956 una
195 1932 279 1956 cum
299 1920 482 1970 periculo:
513 1922 677 1972 quamvis

126 1985 168 2009 ro
183 1981 285 2009 certo
307 1974 435 2019 sciam,
462 1972 678 2012 hoc‘consi-

97 1985 207 2076 iium,
223 2026 322 2076 quod
337 2027 436 2072 inivi,
457 2039 536 2064 esse
552 2027 679 2064 idone-

99 2091 165 2115 um
181 2088 219 2114 et
240 2092 367 2130 expers
387 2080 560 2130 periculi3
593 2094 677 2125 nam

97 2130 198 2168 factu
244 2141 299 2168 est
344 2131 449 2170 faciie
493 2131 599 2180 mihi,
635 2142 678 2171 ut

99 2182 257 2222 Bacchis
289 2187 403 2222 amica
434 2195 498 2223 tua
525 2188 572 2223 sit
601 2187 676 2224 unit

99 2246 225 2275 tecum
256 2240 292 2275 in
323 2239 432 2283 domo
449 2240 576 2290 patris,
594 2240 676 2277 sine

97 2291 251 2328 timore:
283 2291 416 2329 deinde
446 2291 514 2330 hac
547 2292 675 2330 eadem

96 2343 240 2381 ratione
258 2346 451 2396 pecuniam
479 2346 674 2397 reperiam,

95 2410 208 2447 quam
266 2399 471 2450 promisisti
522 2400 673 2437 amicae:

95 2450 197 2500 quod
215 2459 258 2493 ut
276 2451 474 2514 efficerem,
491 2454 602 2490 etiam
620 2461 675 2490 at-

95 2515 171 2554 que
202 2504 313 2541 etiam
346 2505 540 2557 rogitando
569 2518 674 2543 aures

98 2554 192 2594 mihi
227 2558 297 2595 'am
323 2556 519 2596 obtuderas
543 2567 582 2596 et
607 2558 676 2596 ob-

95 2571 357 2660 stupefeceras.
406 2609 622 2654 Quid‘aliud
640 2619 679 2649 et

98 2662 232 2700 melius
264 2663 459 2703 consilium
492 2665 564 2703 tibi
601 2664 678 2703 dari

97 2715 235 2766 cupis?
270 2716 343 2754 Cli.
371 2715 411 2754 Si
431 2718 582 2767 quidem
604 2717 676 2756 hoc

96 2767 199 2819 quod
226 2769 331 2815 dicis,
368 2770 522 2816 efficies,
550 2784 607 2809 res
634 2783 674 2810 se

97 2819 195 2862 bene
220 2819 345 2859 habet.
398 2824 469 2875 Sy.
494 2822 618 2868 Dicis,
642 2825 674 2863 si

97 2874 248 2924 quidem
273 2873 345 2912 hoc
376 2875 535 2922 efficies;
565 2885 605 2916 et
620 2879 674 2916 vi-

96 2926 192 2970 deris
229 2927 423 2970 dubitare:
460 2929 600 2967 videbis
635 2931 674 2969 id

97 2979 179 3023 fieri
204 2980 336 3032 reipsa.
375 2980 451 3020 Cli.
478 2980 562 3032 Eja,
589 2996 672 3036 age,

94 3032 170 3080 dic,
203 3034 311 3084 quale
340 3044 398 3072 est
431 3036 530 3073 istud
563 3043 670 3074 tuum

95 3086 306 3130 consilium.
359 3087 430 3140 Sy.
470 3086 672 3140 Fingemus

96 3137 323 3178 Bacchidem
390 3154 471 3179 esse
515 3143 671 3185 amicam

97 3191 246 3230 Cliniae.
302 3193 376 3232 Cli.
414 3192 521 3232 Belle
569 3195 672 3233 dicis.

440 135 497 189 P.
533 134 883 190 TERENTII
917 133 1852 196 HEAUTONTIMDRUMENOS.

748 277 842 330 Cli.
881 274 1023 344 Sino.
1098 277 1188 346 83].
1223 277 1294 330 ita
1315 296 1393 331 res
1428 279 1639 341 esthmc
1671 292 1827 349 nunc,
1849 283 1993 355 quasi
2030 288 2173 343 cum.-

890 343 986 402 Cli.
1013 365 1152 416 quas,
1176 349 1395 403 malum!
1433 352 1669 422 ambages
1688 356 1817 412 mihi
2045 369 2048 371 ’
2176 399 2178 403 -

741 418 955 471 Narrare
980 419 1202 490 occipit?
1245 421 1320 474 Cl.
1349 421 1490 494 Syre,
1506 439 1683 478 verum
1700 426 1790 480 hic
1809 426 1967 482 dicits
1990 428 2173 484 mitte}¹>

884 489 948 541 ad
971 508 1079 542 rem
1095 491 1228 550 redi.
1689 519 1691 522 ⁴

743 562 830 630 83].
847 560 1127 628 Enimvero
1147 563 1354 616 reticere
1376 582 1604 634 nequeo:
1628 568 1941 623 multimodis
1959 570 2171 641 injurius

741 632 967 702 Clitipho
989 652 1058 698 es„
1082 652 1247 704 neque
1279 636 1402 690 ‚ferri
1432 636 1563 707 potis
1596 656 1665 696 es,y
1743 640 1824 697 cl.
1858 642 2170 696 audiendum

883 704 1051 756 hercle
1075 715 1177 759 est:
1215 718 1343 759 tace.
1695 756 1698 758 .
1859 748 1867 763 f
1902 760 1905 761 γ
2098 719 2171 767 80

744 775 831 844 83].
859 775 948 827 Vis
968 794 1161 829 amare:
1187 778 1259 830 vis
1282 777 1458 847 potiri:
1483 778 1573 844 vie,
1593 781 1724 849 quod
1745 782 1832 834 des
1854 782 1948 850 illi,
1970 785 2123 839 effici.

737 847 911 908 Tuum
949 865 1054 900 esse
1089 849 1144 900 in
1180 850 1426 920 potiundo
1463 852 1713 920 periclum
1750 872 1854 924 nou
1885 856 1990 911 vis:
2034 857 2173 910 haud

877 921 1026 970 stulte
1051 919 1180 991 sapis
1194 940 1210 985 ;
1937 969 1940 972 Δ
2025 972 2027 974 ,

735 989 1001 1060 Siquidem
1028 991 1081 1043 id
1115 1010 1286 1062 sapere
1311 1002 1400 1059 est,
1425 995 1557 1046 velle
1580 1004 1632 1047 te
1667 994 1738 1061 id,
1776 998 1913 1067 quod
1937 1015 2040 1053 nnn
2075 1017 2170 1069 po-

877 1071 973 1113 test
997 1063 1308 1132 contingere.
1860 1132 1866 1135 Α

735 1134 843 1193 Aut
865 1133 978 1189 haec
1004 1152 1123 1192 cum
1147 1134 1246 1187 illis
1269 1145 1388 1189 sunt
1416 1135 1665 1204 habenda,
1685 1149 1775 1191 aut
1808 1139 1898 1193 ina
1932 1157 2054 1194 cum
2088 1140 2170 1198 his

877 1204 1155 1258 amittenda
1177 1215 1308 1258 sunt.

737 1276 941 1329 Harum
983 1277 1195 1330 duarum
1239 1277 1586 1334 conditionem
1619 1298 1760 1334 nunc
1796 1291 1962 1336 utram
1998 1283 2166 1348 malis,

876 1348 1023 1406 vide:
2089 1358 2163 1408 8'5

733 1419 848 1472 Etsi
884 1419 1169 1502 consilium,
1193 1421 1329 1491 quod
1366 1422 1497 1492 cepi,
1532 1434 1729 1479 rectum
1764 1442 1869 1478 esse
1906 1433 1962 1482 et
1996 1433 2166 1480 tutum

874 1508 979 1542 sclo
1000 1511 1012 1544 ε
1825 1539 1827 1542 .
2089 1542 2092 1546 .

731 1561 868 1614 Nam
892 1571 981 1614 tua
1012 1562 1148 1632 apud
1177 1571 1373 1632 patrem
1398 1564 1564 1617 amica
1586 1576 1758 1619 tecum
1787 1567 1902 1621 sine
1933 1578 2075 1620 metu
2108 1577 2169 1623 ut

873 1634 952 1698 sit,
979 1634 1125 1704 copia
1147 1643 1222 1686 est
1243 1657 1255 1686 :
2150 1642 2157 1647 ’

730 1705 885 1771 Tum,
920 1705 996 1761 illi
1030 1715 1298 1775 argentum
1321 1707 1457 1777 quod
1488 1708 1735 1777 pollicitu’
1760 1727 1829 1775 65,
1864 1711 2041 1770 eadem
2065 1711 2164 1765 hAo

875 1776 1131 1830 inveniam
1158 1778 1264 1830 via:

732 1847 888 1904 Quod
913 1857 968 1899 ut
993 1849 1264 1914 efficerem,
1289 1851 1477 1908 orando
1510 1848 1680 1903 surdas
1704 1850 1814 1921 jam
1852 1853 2015 1906 aureis
2049 1854 2163 1907 red·

776 1958 779 1960 -
875 1919 1067 1971 dideras
1094 1921 1240 1974 mihi.
1578 1968 1580 1970 ,
2083 1970 2087 1974 .

731 1989 875 2046 Quid
910 1991 1049 2044 aliud
1071 1992 1165 2043 tihi
1202 1992 1311 2049 vis?
1355 1990 1452 2045 Cli.
1487 1992 1737 2061 siquidem
1774 1994 1874 2047 hoc
1909 1995 1996 2060 sit,
2072 1994 2161 2064 Sy.

870 2062 1122 2131 siquidem
1147 2063 1456 2133 experiundo
1479 2063 1620 2117 scies,
2089 2071 2161 2119 90

736 2130 836 2188 Cli.
874 2136 988 2202 Age
1011 2151 1120 2202 age,
1146 2136 1272 2186 cedo
1297 2134 1425 2187 istuc
1450 2145 1593 2188 tuum
1621 2135 1922 2195 consilium:
1958 2136 2084 2209 quid
2107 2137 2161 2199 id

872 2207 982 2257 est?
1026 2205 1114 2275 83].
1139 2205 1543 2259 assimulabimus

727 2276 893 2331 Tuam
920 2277 1139 2330 amicam
1165 2275 1312 2346 hujus
1332 2296 1453 2341 esse.
1493 2277 1592 2332 Cli.
1616 2279 1849 2350 pulchrE:
1871 2280 2013 2347 ¹cedi)
2029 2280 2163 2350 quid

871 2347 957 2400 hic
981 2349 1132 2402 faciet
1154 2350 1271 2400 sua?
1822 2351 1917 2419 [est
1939 2362 2116 2420 parum
2137 2353 2156 2404 ?

727 2420 813 2471 An
837 2437 896 2471 ea
921 2438 1119 2490 quoque
1156 2418 1306 2490 hujus
1338 2419 1548 2485 dicetur,
1583 2419 1625 2471 si
1660 2419 1774 2472 haec
1798 2439 1900 2474 una
1923 2423 2157 2476 dedecori

732 2490 818 2560 83].
846 2491 959 2543 Ιωὸ
978 2492 1042 2545 ad
1065 2501 1206 2544 tuam
1231 2502 1446 2543 matrem
1472 2492 1764 2549 abducetur.
1793 2493 1891 2546 Cli.
1907 2494 2032 2564 quid
2055 2494 2151 2548 eo?

877 2562 966 2632 83].
1008 2565 1219 2632 longum
1244 2574 1333 2627 est,
1358 2563 1600 2632 Clitipho,
2112 2601 2119 2610 .

728 2633 848 2687 Tibi
891 2635 934 2686 si
981 2652 1195 2700 narrem,
1235 2652 1387 2703 quam
1430 2637 1496 2691 ob
1533 2652 1640 2688 rem
1678 2634 1731 2687 id
1771 2635 1988 2692 faciam:
2041 2652 2158 2687 vera

806 2730 810 2732 ‘
872 2724 1044 2758 caussa
1069 2715 1159 2758 est.
1201 2704 1301 2760 Cli.
1326 2707 1546 2769 fabulae:
2083 2712 2150 2759 95

726 2776 875 2830 Nihil
899 2778 1006 2829 sati'
1031 2776 1164 2829 firmi
1187 2777 1349 2842 viden,
1374 2795 1527 2846 quam
1546 2779 1611 2830 ob
1637 2778 1996 2846 rem‘accipere
2014 2776 2154 2828 hunc

871 2849 999 2914 mihi
1024 2849 1259 2919 expediat
1280 2857 1494 2902 metum.
1555 2865 1557 2880 ¹

729 2920 817 2991 83].
856 2920 1034 2985 Mane,
1051 2920 1215 2972 habeo
1237 2920 1394 2992 aliud,
1415 2920 1457 2974 si
1481 2919 1609 2973 istuc
1633 2919 1833 2985 memb,
1849 2917 1983 2990 quod
1999 2918 2153 2974 ambo

866 2991 1212 3044 confiteamini

727 3062 851 3119 Sine
875 3063 1066 3133 periclo
1089 3081 1209 3115 esse.
1252 3061 1352 3125 Cli,
1376 3060 1682 3132 hujusmodi,
1713 3061 1936 3127 obsecro,
1960 3058 2155 3133 aliquid

908 3152 932 3186 1·
949 3134 1151 3205 epperi.
1193 3133 1280 3205 Sy.
1305 3136 1573 3187 maxume:

97 3243 204 3288 Quid
229 3246 313 3284 νει-ὸ
332 3248 384 3285 rei
405 3256 490 3298 aget
508 3245 568 3286 hic
589 3247 811 3301 Antiphila?
841 3245 903 3285 An
931 3259 974 3284 ea
991 3258 1139 3338 quogue
1164 3246 1309 3285 dicetur
1322 3260 1400 3284 esse
1419 3245 1536 3284 amica
1552 3244 1700 3292 Cliniae,
1719 3247 1750 3284 si
1775 3243 1857 3284 haec
1879 3258 1956 3285 una
1971 3257 2046 3284 non
2065 3246 2154 3289 satio

98 3297 206 3336 affert
223 3300 257 3339 ei
278 3299 479 3346 dedecoris,
499 3309 535 3337 et
552 3302 667 3353 magis
684 3301 790 3339 decet
811 3313 897 3338 eum
915 3298 1050 3338 habere

1093 3300 1184 3338 uas?
1212 3299 1282 3351 Sy.
1309 3297 1383 3337 Sed
1408 3299 1561 3337 ducetur
1579 3297 1775 3352 Antiphila
1791 3299 1837 3337 ad
1853 3297 2056 3336 Sostratam
2075 3310 2154 3337 mn.-

96 3359 193 3389 trem
211 3362 334 3397 tuam;
363 3366 439 3391 non
459 3351 522 3391 hic
549 3354 727 3392 manebit.
759 3353 834 3393 Cli.
848 3351 952 3396 Quid
981 3362 1061 3390 tum
1078 3353 1108 3389 si
1128 3352 1172 3390 ad
1201 3351 1403 3390 Sostratam
1430 3361 1586 3393 matrem
1605 3351 1784 3390 ducetur?
1812 3351 1883 3404 Sy.
1907 3350 1944 3390 Ο
1966 3350 2153 3403 Clitipho,

97 3404 273 3454 prolixior
291 3418 410 3443 sermo
437 3415 507 3453 est,
525 3408 554 3444 si
573 3406 666 3445 mihi
682 3406 879 3444 dicendum
898 3407 947 3443 sit
963 3405 1048 3451 tibi,
1067 3418 1133 3443 cur
1151 3405 1188 3443 id
1206 3405 1358 3443 ficiam:
1387 3418 1464 3444 non
1487 3406 1566 3443 siue
1582 3405 1683 3455 just&
1700 3405 1810 3444 caus&
1825 3404 1962 3443 suadeo
1978 3414 2022 3442 ut
2037 3403 2153 3443 Ant}-

95 3454 202 3510 phila
215 3457 415 3496 deducatur
428 3460 473 3496 ad
491 3470 643 3497 matrem
665 3467 781 3498 tuam.
813 3457 886 3498 Cei.
902 3455 1002 3496 Sunt
1015 3470 1148 3512 nugoe:
1179 3456 1271 3496 nihil
1289 3458 1420 3496 stabile
1438 3459 1525 3496 satis
1544 3459 1584 3497 in
1602 3468 1669 3498 tuo
1687 3457 1843 3497 consilio
1859 3458 1982 3506 video,
1999 3465 2152 3515 proptet

98 3509 199 3559 quod
217 3511 263 3547 sit
279 3509 368 3549 mihi
383 3512 476 3549 utile
493 3510 594 3550 hunc
612 3514 782 3551 timorem
801 3512 947 3557 subire3
976 3519 1018 3549 ut
1031 3511 1149 3549 amica
1166 3523 1249 3548 mea
1265 3511 1313 3548 sit
1327 3511 1423 3562 apud
1438 3511 1691 3564 patrem.·Sy.
1712 3510 1845 3558 Mane,
1857 3510 1943 3552 audi
1957 3509 2055 3571 quoti
2067 3508 2152 3549 dffe-

98 3569 202 3606 turus
217 3575 313 3609 sum,
327 3566 402 3601 scio
421 3565 519 3603 aliud
533 3565 741 3612 consilium,
755 3567 786 3603 si
803 3565 900 3603 istud
912 3565 1036 3610 times,
1055 3563 1155 3616 quod
1173 3563 1321 3658 <Eidem
1351 3564 1460 3603 ambo
1474 3565 1726 3613 confiteamini
1739 3577 1869 3618 expers
1886 3577 1965 3604 esse
1979 3560 2150 3628 penculi·

101 3606 177 3659 clai
192 3613 313 3669 Rog0‚
331 3619 499 3671 excogita
515 3619 586 3673 tale
605 3618 817 3668 consilium,
836 3617 943 3672 quale
961 3616 1162 3671 dicis.'Sy.

1229 3617 1443 3665 beatissime
1453 3632 1463 3658 z
